2271 3505
775 167 1095 212 COLLOQVIVM
1119 168 1453 205 HARLEIANVM
1911 172 1993 214 641

286 280 478 332 φίλτατε.
533 282 624 321 πῶς
657 280 710 320 τὰ
742 279 972 332 πράγματά
998 294 1090 330 ςου;

286 353 428 395 πάντα
479 354 644 400 καλῶς;
690 351 764 393 Ὡς
811 352 851 394 οἱ
891 354 982 395 θεοὶ
1025 354 1091 395 Θέ-

285 427 443 467 λουςιν.
486 423 535 465 Τί
556 423 755 474 πράττεις
776 427 876 473 νῦν;
904 423 1091 475 >ἸΞπρατ-

283 510 380 546 τον,
424 498 503 537 νῦν
541 496 589 535 δὲ
629 495 898 546 ςχολάζομαι.
968 497 1091 538 Θέλω

287 581 350 609 ςοι
427 567 670 619 ἑγχειρῆςαι
740 568 818 618 τὴν
894 568 1096 620 διοίκηςιν

285 639 482 691 πράξεως
510 653 598 681 ςου.
645 631 829 690 ἄγωμεν.
871 640 1094 692 περιπάτει

286 713 354 754 καὶ
402 712 489 762 ἐγὼ
543 712 668 753 δώςω
716 724 778 752 ςοι
829 712 868 753 τί
921 712 1093 767 πράξῃς.

286 783 465 825 πάντων
493 784 575 835 γὰρ
601 785 690 825 τῶν
711 782 887 833 ἀγαθῶν
908 782 1025 826 ἄξιος
1046 783 1094 825 εἶ.

259 856 282 876 ⁶)

258 875 295 897 υ.
348 854 620 907 Ἠςπαζὸμην
677 869 720 897 ςε
777 855 896 910 τρίτῃ
958 856 1095 910 ἡμέρᾳ

287 927 377 970 ἄνω
423 929 471 970 ἐν
514 931 576 982 τῷ
620 927 722 982 ἱερῷ
768 928 836 968 καὶ
874 927 926 969 οὐ
966 942 1094 979 προς-

286 1002 417 1053 ε’ςχες.
478 1000 602 1050 Κάγὼ
648 1000 954 1051 προςεκύνουν.
1021 1001 1095 1042 Καὶ

285 1073 364 1114 τὸν
403 1072 534 1124 φίλον
573 1073 650 1113 τὸν
693 1073 766 1114 ςὸν
806 1072 958 1124 ἑώρων
991 1072 1095 1124 μετά

286 1158 371 1187 ςου.

229 1218 295 1258 14.
315 1216 430 1269 Ὅρῶ
450 1216 516 1258 ὅτι
537 1216 801 1268 λουςάμενος
822 1217 893 1258 ἐπὶ
913 1219 1094 1258 δεῖπνον

286 1288 495 1342 ἀπήρχου.
559 1289 608 1331 Τί
635 1291 696 1343 ςέ;
732 1290 799 1330 καὶ
829 1289 881 1330 οὐ
911 1289 1093 1340 δύναμαι

286 1361 506 1404 ἀντειπεῖν
528 1361 658 1417 αὐτῷ.
703 1362 848 1403 πολλὰ
868 1361 950 1412 γὰρ
973 1360 1094 1403 εἶπέν

286 1449 367 1487 μοι.
440 1434 594 1484 ὑπάγω
643 1433 740 1485 οὖν,
804 1433 876 1475 ἵνα
927 1434 1093 1485 ταχέως

285 1507 558 1558 ὑποςτρέψω.

230 1580 296 1621 15.
327 1579 500 1629 ”Υπαγε
535 1579 626 1622 οὗν.
659 1578 698 1620 τί
732 1579 925 1633 ἐ’ςτηκας;
960 1578 1093 1630 δράμε

286 1651 366 1694 οὖν
418 1653 486 1693 καὶ
531 1651 623 1693 εἰπὲ
670 1651 806 1706 αὐτῷ,
856 1651 930 1692 ἵνα
974 1650 1093 1705 μείνῃ

287 1738 347 1775 με.
399 1723 486 1775 ἔχω
513 1723 595 1774 γὰρ
623 1723 741 1777 αὐτῷ
767 1722 914 1764 τίποτε
943 1722 1094 1764 εἰπεῖν.

287 1796 510 1847 ἐκδέξομαι
550 1795 640 1837 οὖν.
704 1797 880 1847 πρῶτον
919 1795 978 1837 εἰς
1017 1797 1095 1847 τὴν

288 1868 425 1910 οἰκίαν
483 1867 777 1919 ἀνελεύςομαι.
848 1867 943 1909 ἰδοὺ
1008 1866 1093 1910 ὧδε

287 1939 589 1991 καθεζόμενον.
653 1940 821 1981 Τοῦτον
855 1940 927 1991 ἐμὲ
962 1939 1095 1981 οἶδας.

287 2011 418 2054 Ἀλλὰ
472 2013 639 2063 ταχέως
696 2012 897 2064 ἐποίηςας
954 2012 978 2054 ὅ
1032 2026 1094 2054 ςοι

288 2084 424 2127 εἶπον.
483 2084 679 2127 Οὐδέπω.
738 2084 826 2126 Διὰ
863 2085 919 2140 τίς
975 2083 1094 2136 ’Άρτι

288 2159 413 2199 ποιῶ.
462 2157 632 2198 ςπεύδω
666 2157 747 2208 γὰρ
781 2156 873 2199 ἔξω.
927 2155 1093 2213 (πεινῶ.

289 2229 349 2271 εἰς
375 2228 550 2280 γάμους.
579 2229 688 2280 πρὸς
716 2228 859 2280 φίλον.
894 2228 1095 2281 δέχονταί

289 2315 350 2353 με.
391 2301 463 2342 ἵνα
496 2298 744 2357 λούςωμαι).

231 2374 297 2415 16.
331 2373 502 2423 Ὕπαγε
530 2373 620 2415 οὖν.
665 2373 704 2414 τί
731 2374 923 2430 ἕςτηκας;
956 2374 1004 2416 Τί
1032 2388 1094 2416 ςοι

289 2445 454 2501 ἀνήκει;
475 2445 709 2497 ἐπίτροπός
731 2460 811 2497 μου
833 2445 887 2502 εἷς
909 2447 1094 2497 (Ὕπαγε.

289 2517 506 2570 ἀναχώρει
533 2515 878 2575 (ἀναχωρήςεις),
908 2519 1092 2562 ἐπιθέτα.

288 2591 511 2641 Λοιδορεῑς
545 2603 607 2643 με,
638 2590 802 2632 κὰκιςτε
835 2591 903 2632 καὶ
933 2593 1094 2647 μιςητέ;

290 2662 420 2704 αὐτὸς
457 2665 593 2704 ταῦτα
631 2662 764 2715 ποίει,
808 2662 1094 2706 ἀναιδέςτατε.

290 2734 440 2777 ςιώπα.
475 2736 623 2777 Καλῶς
644 2749 708 2777 ςοι
729 2734 804 2788 εἴη,
820 2734 1094 2785 ἀναιδέςτατε

291 2805 504 2858 ἄνθρωπε.
555 2810 692 2849 ταῦτα
725 2806 947 2850 ἀκούςεται
980 2808 1004 2850 ὁ
1032 2812 1095 2851 δε-

291 2878 448 2931 ςπότης
481 2893 573 2932 ςου,
608 2879 644 2921 εἰ
676 2878 908 2934 ἀπαντῄῑᾳι
944 2895 1025 2932 μοι.

233 2950 298 2992 17.
337 2949 491 3003 Ἄφες7
534 2950 614 2993 >ι’δω
659 2952 698 2993 τί
737 2966 806 3004 μοι
845 2956 1000 3009 ποιεῑς;
1042 2953 1093 2996 οὐ

291 3022 508 3074 φροντίζω
532 3037 605 3066 ςου
626 3024 702 3066 τὰς
720 3023 913 3067 ἀπειλάς.
939 3025 1095 3068 Πολλὰ

290 3094 460 3146 ἐκδικῶ,
513 3094 820 3149 ἀφηλπιςμένε.
883 3097 971 3140 ἐκεῖ
1017 3098 1094 3139 τὰς

291 3165 438 3219 χεῖρας
470 3166 554 3220 ἔχε.
615 3169 689 3211 Καὶ
721 3170 859 3222 δέρεις
897 3183 967 3226 μες
1010 3184 1092 3223 φο-

303 3243 393 3276 Uorp.
414 3244 505 3277 gloss.
525 3245 579 3272 lat„
600 3248 670 3271 tom.
691 3246 748 3272 lu.

1190 295 1284 335 per,
1317 280 1622 322 amantissime.
1682 282 1896 336 quomodo
1929 297 1998 324 res

1191 352 1320 394 tuae?
1349 352 1493 394 onmia
1519 352 1658 395 bene?
1686 352 1908 403 Quomodo
1936 354 1997 395 dii

1191 424 1358 467 uolunt.
1379 423 1492 474 Quid
1506 425 1600 482 agis
1615 425 1773 467 modo?
1789 425 1999 482 Agebam,

1191 511 1305 538 nuno
1351 500 1496 538 autem
1541 500 1666 539 uacat
1709 497 1827 538 mihi.
1884 498 1997 539 Volo

1195 568 1277 609 tibi
1316 569 1542 626 iniungere
1579 569 1998 611 administrationem

1194 640 1378 682 actionis
1427 645 1538 684 tuae.
1598 657 1755 684 eamus.
1826 642 2000 683 ambula

1195 715 1237 753 et
1275 728 1355 769 ego
1396 714 1449 755 do
1482 714 1564 755 tibi
1604 715 1707 769 quid
1739 729 1855 771 agas.
1914 729 1999 756 om-

1194 783 1314 824 nium
1354 785 1467 826 enim
1502 786 1714 828 bonorum
1748 787 1905 843 dignus
1945 802 1999 828 es.

1137 857 1202 896 155.
1245 855 1496 898 Salutabam
1542 861 1584 899 te
1631 858 1697 899 die
1742 859 1872 900 tertio
1913 873 2000 900 sur-

1193 941 1289 969 sum
1322 928 1367 969 in
1400 929 1563 984 templo
1604 934 1646 971 et
1681 945 1768 971 non
1801 930 2000 972 adtende-

1195 999 1282 1042 bas.
1328 1000 1426 1057 Ego
1447 1001 1690 1043 adorabam.
1736 1002 1795 1044 Et
1815 1003 2000 1044 amioum

1195 1075 1319 1114 tuum
1352 1072 1553 1115 uidebam
1586 1089 1684 1116 oum
1716 1078 1770 1116 te.

1137 1219 1201 1259 14.
1253 1217 1390 1259 Video
1434 1219 1549 1273 quod
1593 1219 1709 1260 lotus
1755 1219 1808 1260 ad
1853 1234 2001 1261 cenam

1194 1289 1297 1331 ibas.
1362 1290 1473 1340 Quid
1507 1290 1582 1331 te‘?
1623 1294 1665 1332 et
1700 1306 1787 1333 non
1826 1307 2001 1347 possum

1193 1365 1344 1403 contra
1393 1362 1533 1404 dicere
1586 1363 1635 1404 ei.
1706 1364 1843 1405 multa
1887 1364 2002 1406 enim

1194 1433 1303 1475 dixit
1354 1434 1474 1476 mihi.
1545 1450 1595 1477 eo
1648 1450 1771 1492 ergo,
1822 1439 1871 1478 ut
1916 1437 2001 1479 cito

1194 1506 1376 1547 redeam.

1136 1580 1201 1620 15.
1235 1579 1330 1621 Duc
1364 1583 1406 1620 te
1441 1594 1555 1636 ergo.
1590 1580 1693 1635 quid
1729 1581 1846 1622 stas?
1880 1596 2001 1623 curre

1194 1666 1297 1707 ergo
1339 1655 1381 1693 et
1415 1651 1481 1693 die
1515 1651 1599 1706 illi,
1639 1656 1687 1710 ut
1720 1656 1892 1694 maneat
1922 1669 2000 1695 me.

1194 1722 1332 1765 habeo
1385 1723 1497 1764 enim
1551 1724 1589 1765 ei
1636 1725 1800 1780 aliquid
1850 1725 2000 1768 dicere.

1194 1796 1453 1850 exspectabo
1482 1811 1597 1853 ergo.
1642 1797 1832 1852 primum
1860 1798 1904 1839 in
1932 1798 2000 1840 do-

1194 1882 1310 1908 mum
1364 1867 1446 1909 ibo.
1512 1883 1607 1910 ecoe
1653 1869 2000 1929 hic'sedentem.

1193 1939 1341 1981 Talem
1375 1956 1442 1982 me
1476 1941 1569 1983 scis.
1629 1941 1711 1983 Sed
1744 1941 1829 1984 cito
1860 1942 1999 1984 fecisti

1193 2013 1307 2067 quod
1346 2012 1426 2054 tibi
1468 2013 1566 2055 dixi.
1631 2013 1847 2057 Nondum.
1909 2014 2001 2064 Qua

1193 2086 1267 2126 re‘?
1312 2085 1441 2127 Modo
1482 2086 1603 2128 facio.
1663 2102 1846 2142 propero
1886 2086 1999 2128 enim

1194 2156 1320 2199 foras.
1385 2158 1561 2209 (esurio.
1619 2158 1661 2199 in
1707 2158 1892 2214 nuptias.
1948 2158 2000 2200 ad

1194 2228 1390 2271 amicum.
1415 2233 1644 2286 expectant
1662 2246 1742 2274 me.
1764 2234 1812 2273 ut
1825 2229 2001 2288 lauem.)

1138 2374 1201 2415 16.
1237 2373 1332 2416 Due
1366 2378 1408 2416 te
1442 2390 1557 2432 ergo.
1607 2376 1709 2431 quid
1737 2376 1855 2418 stas?
1888 2376 2000 2427 Quid

1194 2445 1273 2487 tibi
1320 2447 1539 2502 pertinet?
1583 2451 1838 2503 procurator
1878 2463 2000 2490 meus

1193 2518 1268 2559 es?
1296 2518 1390 2560 Duc
1417 2522 1470 2561 te.
1512 2520 1659 2561 recede
1687 2518 1912 2577 (recedes),
1939 2520 1999 2563 in-

1192 2592 1353 2644 postor.
1417 2591 1640 2634 Malediois
1679 2607 1765 2649 me,
1809 2592 1999 2650 maligne

1195 2665 1238 2703 et
1278 2663 1454 2706 odiose?
1494 2664 1584 2720 ipse
1624 2665 1708 2707 ista
1746 2666 1830 2721 fac,
1872 2680 1998 2721 expu—

1195 2735 1356 2778 dorate.
1396 2739 1500 2778 tace.
1558 2736 1675 2778 Bene
1708 2737 1790 2780 tibi
1823 2737 1898 2794 sit,
1929 2753 1998 2780 ne-

1194 2807 1400 2863 quissime
1434 2808 1575 2851 homo.
1634 2810 1718 2852 ista
1750 2810 1896 2852 audiet
1929 2810 1997 2852 do-

1194 2879 1336 2923 minus
1370 2883 1482 2936 tuus,
1515 2881 1550 2923 si
1584 2881 1734 2924 obuiat
1765 2883 1884 2924 mihi.

1136 2954 1200 2994 17.
1236 2951 1350 3008 Sine,
1383 2953 1554 2995 uideam
1593 2954 1698 3010 quid
1728 2955 1836 2997 mihi
1862 2954 1997 2996 facis?

1192 3040 1280 3067 non
1346 3040 1448 3068 curo
1518 3025 1789 3070 minutiones.
1857 3026 1997 3069 Multa

1192 3097 1364 3140 uindico
1373 3132 1383 3153 7
1428 3098 1662 3154 desperate.
1737 3099 1798 3141 ibi
1843 3114 1997 3141 manus

1191 3169 1315 3212 habe.
1331 3170 1391 3212 Et
1406 3170 1547 3213 caedis
1560 3172 1659 3214 me?
1674 3171 1818 3214 timeo.
1838 3186 1997 3229 magna

1661 3245 1705 3276 41
