2164 3470
223 171 307 206 XVI
961 169 1233 206 PRAEFATIO

341 279 504 322 Notum
549 283 613 321 est
658 280 879 321 homiliam
917 279 1168 321 Leidensem
1212 277 1427 319 numerari
1470 277 1771 320 duodecimum
1809 279 1971 322 librum

225 350 392 407 (incipit
426 352 757 394 hermeneumata
794 353 839 394 id
873 356 931 393 est
968 352 1063 393 libri
1094 350 1199 392 XII
1225 365 1264 404 p.
1299 350 1372 404 69,
1399 351 1466 392 39.
1493 348 1589 406 40):
1628 365 1712 405 qua
1751 351 1802 392 de
1836 367 1883 393 re
1916 352 1976 394 sic

202 422 414 477 >disputat
445 423 647 465 Keilius
678 439 716 478 p.
744 424 846 465 374:
881 422 1040 477 ‘itaque
1074 421 1109 463 si
1142 421 1331 463 diversae
1363 423 1518 476 partes,
1553 436 1660 476 quae
1694 421 1824 463 etiam
1855 437 1974 477 prae-

222 494 458 536 fationibus
503 495 735 537 destinctae
781 496 897 547 sunt,
943 492 1126 549 singulis
1170 492 1294 533 libris
1336 491 1605 548 tribuuntur,
1650 493 1888 535 sententiae
1932 496 1975 535 et

223 566 430 621 epistulae
455 566 675 619 Hadriani,
707 565 876 606 fabulae
902 563 1075 619 Aesopi,
1107 563 1438 605 commentarius
1471 564 1520 605 de
1551 564 1971 619 manumissionibus,

222 637 384 693 Hygini
425 637 694 694 genealogia,
737 635 926 677 narratio
966 635 1016 676 de
1056 634 1170 676 bello
1209 635 1412 690 Troiano,
1450 635 1664 677 cotidiana
1702 637 1968 678 conversatio

223 724 318 750 cum
352 710 517 751 duobus
549 708 671 749 libris
704 708 944 763 glossarum
977 706 1169 748 efficiunt
1200 721 1426 748 numerum
1459 709 1555 748 octo
1585 707 1806 749 librorum.
1857 708 1970 749 inter

222 780 518 835 genealogiam
557 782 700 820 autem
738 778 902 834 Hygini
941 777 986 819 in
1025 777 1168 819 codice
1207 777 1358 818 lacuna
1396 780 1478 833 est,
1522 778 1566 819 in
1604 793 1706 833 qua,
1746 778 1829 820 nisi
1869 779 1971 834 quid

221 854 441 905 praeterea
472 866 496 892 a
528 850 715 892 librariis
749 850 955 891 omissum
988 852 1064 904 est,
1097 850 1300 904 quattuor
1330 848 1444 903 libri,
1477 849 1549 903 qui
1582 849 1635 890 ad
1667 864 1877 891 summam
1904 865 1971 891 ex-

222 923 421 978 plendam
460 922 772 976 desiderantur,
815 921 953 976 perire
992 920 1255 975 potuerunt.'
1318 919 1433 969 Quae
1472 923 1585 961 recte
1625 920 1842 976 disputata
1880 937 1971 963 esse

220 1009 345 1036 nemo
373 994 566 1050 negabit:
594 993 696 1048 quid
722 992 757 1033 si
785 994 988 1046 quattuor
1014 991 1112 1032 illos
1138 993 1358 1045 tractatus,
1384 1006 1491 1046 quos
1515 991 1757 1046 Stephanus
1785 992 1971 1047 exhibet,

220 1065 264 1106 id
285 1069 348 1107 est
370 1064 590 1107 Niciarii
612 1063 1051 1119 interrogationes
1073 1065 1121 1104 et
1147 1062 1509 1117 responsiones
1529 1062 1770 1120 (mutilatas
1790 1063 1835 1105 in
1854 1062 1972 1120 fine),

222 1136 492 1178 Carfilidis
531 1134 972 1191 interrogationes
1005 1137 1054 1176 et
1086 1148 1348 1189 responsa,
1386 1149 1632 1189 responsa
1664 1134 1971 1189 sapientum,

158 1245 162 1247 ,
220 1211 494 1263 praecepta
526 1208 575 1249 in
607 1206 822 1261 Delphis
856 1207 916 1247 ab
947 1205 1190 1261 Apolline
1223 1205 1274 1246 in
1306 1205 1539 1247 columna
1571 1205 1782 1261 scripta,
1814 1205 1860 1247 in
1890 1205 1970 1246 hac

220 1279 372 1321 lacuna
405 1279 507 1321 olim
541 1278 755 1320 exstitisse
788 1277 1085 1333 suspicamur?

339 1354 363 1403 ξ
394 1352 432 1392 4.
495 1350 577 1392 Sed
614 1350 718 1391 haec
756 1350 981 1391 hactenus:
1023 1352 1157 1391 restat
1195 1352 1244 1390 ut
1283 1348 1491 1390 editiones
1528 1348 1684 1390 horum
1721 1348 1969 1390 hermeneu-

220 1425 365 1463 maton
396 1421 463 1463 vel
495 1420 683 1476 partium
715 1435 864 1462 eorum
895 1421 976 1462 hoc
1008 1421 1102 1462 loco
1136 1419 1180 1460 in
1213 1434 1297 1460 uno
1331 1423 1561 1475 conspectu
1593 1435 1812 1475 ponamus.

342 1492 385 1549 1)
418 1493 636 1536 Glossaria
666 1494 746 1535 duo
777 1507 796 1534 e
826 1493 909 1534 situ
939 1493 1151 1534 vetustatis
1178 1494 1296 1533 eruta
1322 1505 1355 1532 e.
1376 1506 1414 1545 q.
1435 1507 1466 1532 5.
1493 1490 1620 1533 Anno
1651 1492 1764 1534 1573
1790 1491 1967 1533 Parisiis

220 1564 282 1605 ed.
314 1564 366 1604 H.
400 1562 692 1619 Stephanus
730 1579 768 1618 p.
796 1563 1049 1617 237—3053
1087 1577 1194 1617 quae
1233 1562 1435 1616 repetivit
1466 1562 1749 1623 Vulcanius
1784 1577 1818 1604 a.
1854 1564 1968 1605 1600

219 1635 262 1691 (a
294 1634 503 1676 Vulcanio
534 1635 693 1690 pendet
717 1634 979 1676 Verweius
1010 1634 1118 1677 Nov.
1151 1633 1339 1675 Method.
1365 1649 1404 1688 p.
1432 1635 1516 1676 317
1540 1632 1668 1689 sqq),
1703 1633 1969 1680 Labbaeus

219 1706 358 1763 (cuius
395 1706 504 1747 liber
540 1706 701 1761 prodiit
739 1721 772 1747 a.
809 1704 943 1762 1679)
981 1705 1130 1747 lexicis
1163 1705 1251 1746 suis
1283 1704 1464 1746 inseruit
1494 1707 1598 1746 nota
1629 1704 1666 1745 Ε
1699 1719 1819 1746 usus:
1854 1704 1968 1746 hunc

220 1777 353 1819 secuti
387 1781 486 1819 sunt
518 1777 872 1819 Londinenses
897 1792 939 1818 a.
974 1777 1099 1818 1816.

338 1847 384 1905 2)
416 1849 664 1891 Tractatum
703 1849 753 1890 de
785 1847 1280 1890 manumissionibus
1313 1862 1364 1889 ex
1397 1847 1540 1889 codice
1571 1847 1800 1888 Puteano
1834 1847 1968 1890 edidit

220 1921 381 1975 primus
420 1921 464 1962 P.
496 1920 743 1962 Pithoeus
782 1920 835 1961 ad
873 1920 1032 1962 calcem
1068 1918 1283 1974 Fragmm.
1321 1918 1564 1974 Papiniani,
1601 1918 1724 1960 Pauli
1757 1921 1833 1960 etc.
1867 1918 1965 1976 (Lu-

220 1992 348 2033 tetiae
376 2007 427 2033 ex
455 1992 625 2034 officina
651 1992 758 2033 Rob.
781 1989 1007 2047 Stephani)
1034 2005 1068 2031 a.
1098 1991 1212 2032 1573
1237 2005 1276 2044 p.
1306 1990 1557 2032 113—-1152
1584 1989 1698 2044 quod
1724 1989 1966 2044 exemplum

221 2063 388 2118 saepius
420 2063 650 2119 repetitum
682 2066 764 2118 est,
797 2064 847 2105 cf.
880 2061 1229 2117 Boeckingius
1260 2076 1299 2115 p.
1331 2060 1476 2102 XXIV
1496 2075 1555 2115 sq.

339 2134 385 2190 3)
416 2134 532 2176 Idem
576 2135 866 2191 fragmentum
911 2149 963 2176 ex
1007 2132 1150 2175 codice
1191 2130 1433 2172 Leidensi
1478 2130 1671 2172 adhibito
1711 2129 1965 2187 Scaligeri

221 2205 467 2260 apographo
501 2205 632 2247 edidit
658 2206 908 2247 Matthias
939 2205 1153 2246 Roever:
1185 2203 1483 2257 Fraymentum
1514 2203 1656 2244 veteris
1677 2203 1966 2256 jurisconsulti

219 2278 267 2318 cle
282 2278 395 2329 juris
419 2277 619 2330 speciebus
644 2281 680 2319 et
704 2279 752 2319 de
775 2276 1171 2320 manumissionibus
1195 2275 1304 2327 quod
1326 2275 1503 2316 servavit
1526 2273 1747 2316 Dositheus
1772 2275 1965 2327 mayister

220 2349 265 2389 in
297 2348 649 2390 exercitationibus
677 2349 984 2402 yraeoo-latinis
1014 2348 1198 2390 nondum
1229 2346 1348 2388 editis
1378 2359 1427 2387 ex
1454 2346 1563 2388 codd.
1589 2358 1683 2388 mss.
1709 2344 1965 2388 bibliothecae

220 2419 411 2461 Batavae
448 2420 588 2470 edidit,
625 2423 761 2471 notas,
799 2423 836 2462 et
868 2419 1168 2461 emendationes
1205 2416 1352 2470 adjecit
1382 2416 1591 2458 Matthias
1621 2415 1776 2458 Roever
1807 2414 1962 2473 (Lugd.

222 2490 366 2531 Batav.
398 2505 430 2531 a.
462 2490 604 2545 1739).
667 2489 706 2530 A
738 2489 1004 2532 Roeveriano
1044 2487 1237 2542 exemplo
1275 2487 1462 2542 pendent
1500 2485 1719 2528 Beckius
1756 2485 1848 2543 (Ius
1886 2487 1962 2530 civ.

221 2561 418 2602 anteiust.
450 2560 585 2601 Berol.
619 2561 728 2603 1815
760 2563 861 2602 tom.
894 2559 913 2602 Ι
945 2576 983 2615 p.
1011 2561 1091 2602 251
1118 2557 1229 2614 sqq.)
1263 2560 1305 2600 et
1332 2556 1674 2613 Schillingius
1699 2556 1764 2613 (in
1783 2557 1962 2600 Dissert.

221 2631 312 2673 crit.
346 2632 396 2672 de
428 2633 578 2687 fragm.
612 2630 688 2672 iur.
722 2631 843 2673 Rom.
877 2630 1046 2672 Dosith.
1073 2630 1186 2685 Lips.
1217 2627 1362 2685 1819).

340 2702 387 2757 4)
420 2701 611 2757 Hygini
640 2702 995 2757 genealogiam
1021 2700 1221 2742 tractavit
1247 2699 1571 2757 Augustinus
1596 2713 1690 2740 van
1713 2697 1961 2741 Staveren

223 2774 265 2816 in
297 2773 415 2815 Misc.
450 2773 622 2814 Observ.
656 2776 755 2814 tom.
787 2772 848 2815 IX
880 2789 918 2828 p.
951 2774 1037 2815 413
1059 2787 1165 2827 sqq:
1198 2772 1248 2813 cf.
1283 2771 1412 2813 editio
1445 2769 1719 2812 Schmidtii
1752 2785 1791 2826 p.
1818 2769 1881 2812 IV
1900 2785 1960 2825 sq.

341 2843 388 2901 5)
420 2844 535 2886 Divi
574 2844 820 2886 Hadriani
866 2843 1152 2886 sententias
1193 2846 1242 2884 et
1280 2840 1533 2898 epistolas
1571 2855 1622 2882 ex
1661 2841 1804 2883 codice
1843 2839 1960 2882 San—

221 2915 442 2973 gallensi
494 2914 626 2955 edidit
676 2914 858 2956 Melior
901 2913 1235 2956 Hamenvelto
1282 2913 1559 2956 Goldastus
1602 2927 1637 2953 a.
1685 2912 1817 2966 16013
1870 2911 1961 2953 eius

222 2986 437 3041 exemplar
487 2985 749 3040 repetierunt
800 2983 1160 3039 Schultingius
1210 2983 1311 3040 (Iur.
1362 2982 1480 3039 prud.
1532 2985 1613 3024 vet.
1663 2981 1708 3023 L.
1752 2981 1800 3023 Β.
1847 2982 1957 3024 1717

221 3074 260 3113 p.
294 3058 376 3100 857
400 3055 527 3112 sqq),
565 3055 833 3098 Fabricius
870 3055 915 3097 in
953 3054 1055 3095 bibl.
1089 3053 1157 3096 Gr.
1190 3053 1244 3111 (a.
1281 3052 1529 3110 1724yv01.
1562 3051 1644 3095 XII
1673 3067 1711 3107 p.
1745 3053 1832 3094 514
1853 3067 1960 3107 sqq,

222 3127 510 3170 Fabricium
548 3126 809 3182 repetierunt
847 3125 1136 3168 Londinenses
1174 3124 1217 3165 in
1249 3125 1470 3167 Labbaei
1511 3122 1782 3181 glossariis
1822 3122 1959 3165 denuo
