2245 3495
254 198 341 238 254
743 195 776 229 H
784 194 884 229 ERM
891 193 952 228 EN
959 192 1162 232 EVMATA
1188 191 1318 226 EINSI
1325 191 1530 227 DLENSIA

253 309 344 350 Θεία
377 308 484 359 πρὸς
518 305 679 357 πατρός
712 304 843 345 amita
1152 305 1298 354 βρῶμα
1332 316 1427 343 esea

251 382 367 421 θεῖος
413 379 520 430 πρὸς
565 377 744 430 πατρός,
790 375 984 429 πάτρων,
1031 389 1109 415 πα-
1150 377 1327 428 φαγεῖν,
1360 373 1512 415 ἑςθίειν
1545 372 1766 414 comedere

311 450 553 502 τράδελφος
586 451 766 503 patruus
1150 447 1305 499 ἐφόδια
1339 445 1517 499 cibaria,
1551 447 1814 486 commeatus
2029 455 2063 480 35

253 526 367 565 θεῖος
418 523 524 573 πρὸς
576 520 750 574 μητρός,
801 520 991 572 μήτρων,
1037 533 1110 569 μη·
1149 521 1290 571 τροφή
1324 518 1445 559 cibus

312 594 555 645 τράδελφος
588 590 826 632 auunculus
1151 591 1375 642 χονδρίτης
1408 588 1639 630 cibariolus

253 667 428 708 πάππος
461 679 566 705 auus
1150 662 1422 714 προςφάγιον
1454 661 1743 716 pulmentum,
1775 659 1986 700 ferculum

217 752 232 775 5
254 738 411 792 μάμμη,
444 738 548 788 τήθη
583 734 680 776 auia
1151 734 1175 775 ὁ
1209 734 1368 776 πόλτος
1400 733 1535 788 pultis

252 809 367 860 τηθίς
400 808 629 860 προμάμμη
1151 806 1434 858 ὀψοπωλεῑον
1466 804 1625 859 popina
2031 815 2066 839 40

252 882 367 932 τίτθη
401 881 425 932 ἡ
460 878 736 928 παιδαγωγός
1151 878 1280 930 ἄρτος
1314 876 1438 932 panis

253 952 442 1006 τιθηνός,
473 953 498 1003 ἡ
531 950 696 1002 τροφός
1150 949 1336 1001 καθαρός
1368 948 1571 1002 mundus7
1604 947 1809 989 candidus

254 1024 293 1066 οἱ
326 1023 535 1076 πρότονοι
567 1021 751 1063 maiores
1152 1021 1302 1064 λευκός
1335 1021 1459 1062 albus

201 1110 233 1134 10
254 1098 431 1148 ἐπιγονή
464 1093 624 1150 proles,
656 1108 848 1149 propago
1152 1093 1345 1145 λαμπρός
1379 1091 1627 1147 splendidus

255 1168 449 1219 ἀπογονή
483 1165 730 1222 progenies,
763 1165 994 1220 posteritas
1153 1164 1338 1207 οἰκιακός
1371 1163 1632 1205 domesticus
2032 1173 2068 1198 45

254 1241 304 1281 τὸ
336 1241 488 1281 τέκνον
519 1240 665 1292 natus,
696 1237 811 1278 filius
1153 1236 1344 1289 ῥυπαρός
1377 1235 1574 1277 sordidus

256 1313 462 1365 θυγατήρ,
494 1310 643 1362 γνηςία
674 1309 782 1363 filia,
814 1311 915 1350 nata
1155 1308 1342 1363 ςτερεός,
1375 1308 1552 1359 ςκληρός
1586 1307 1717 1348 durus

255 1385 279 1435 ἡ
313 1386 542 1435 θυγατριδῆ
575 1381 736 1436 neptis,
768 1380 947 1421 filiaster
1153 1381 1320 1423 ἁπαλός
1351 1379 1495 1421 mollis

204 1468 236 1492 15
257 1454 437 1505 ἔγγονος
468 1469 602 1509 nepos
1153 1452 1388 1504 ἀγοραςτός
1422 1451 1649 1505 empticius

256 1527 413 1579 ἑγγόνη
446 1525 589 1580 neptis
1153 1525 1337 1576 κρίθινος
1365 1522 1586 1564 ordeacius
2035 1531 2070 1556 50

257 1598 501 1649 ἀπέγγονος
534 1598 724 1651 abnepos
1155 1595 1179 1637 ὁ
1213 1594 1463 1646 ἀκρατιςμός
1496 1594 1759 1636 ientaculum

257 1670 477 1720 ἀπόγονος
509 1684 738 1724 pronepOS,
770 1672 969 1723 posterus
1156 1668 1205 1709 τὸ
1239 1666 1410 1719 ἄριςτον
1441 1666 1669 1721 prandium

114 1742 234 1791 [ΞΟΠ]
259 1742 450 1794 ἀδελφὸς
474 1741 734 1793 ὁμοπάτριος
755 1755 997 1796 germaDUS,
1024 1754 1118 1780 oon—
1158 1739 1182 1780 ὁ
1215 1742 1390 1780 δεῖπνος
1424 1753 1527 1779 cena

315 1813 576 1869 sanguineus
1154 1811 1290 1865 δείλη,
1323 1811 1511 1861 δείλιςμα
1543 1810 1745 1851 merenda

202 1900 236 1924 20
256 1886 447 1939 ἀδελφὸς
479 1887 649 1936 γνήειος
681 1884 814 1925 frater
846 1884 1114 1926 carissimus·
1154 1884 1259 1935 ὀψία
1292 1881 1538 1937 uespertina
2037 1881 2162 1929 [202⁰]

314 1957 384 1998 uel
416 1956 638 2012 legitimus
1156 1956 1244 2010 ἑῷα
1277 1954 1490 1996 matutina
2039 1957 2072 1982 ⁵6

257 2030 424 2081 ἀδελφή
459 2043 580 2069 soror
1155 2028 1208 2069 τὰ
1240 2026 1402 2078 ἄλευρα
1433 2027 1501 2067 καὶ
1533 2025 1694 2077 ἄλφιτα
1725 2024 1864 2065 farina

257 2102 431 2153 φυςικὸς
464 2100 487 2141 ὁ
521 2101 648 2142 νόθος
681 2100 852 2155 spurius
1155 2099 1207 2140 τὰ
1239 2097 1479 2150 μεγαλευτά
1511 2096 1691 2152 grandia

257 2173 578 2225 ὑποβολιμαῖος,
600 2172 849 2226 εἰςποιητός,
870 2172 1116 2213 ἑπείςακτος
1155 2171 1179 2220 ἡ
1215 2169 1425 2221 ςεμίδαλις
1458 2167 1614 2209 simula

320 2243 569 2298 suppositus
1162 2242 1214 2282 τὰ
1246 2241 1401 2292 πίτυρα
1433 2239 1620 2280 furfures
2041 2250 2076 2276 60

262 2315 460 2369 ἀνεψιός,
494 2315 734 2367 ἐξάδελφος
767 2315 1048 2356 consobrinus
1161 2314 1185 2364 ἡ
1219 2313 1324 2364 ζύμη
1357 2312 1619 2352 fermentum

209 2401 242 2425 Ξῖ»
262 2392 386 2439 νεθης
417 2389 642 2442 postumus
1161 2384 1321 2436 ἄζυμον
1353 2398 1440 2424 non
1472 2383 1780 2423 fermentatum

263 2459 523 2511 ἀδελφιδοῦς
589 2459 735 2500 fratris
798 2458 867 2499 uel
929 2457 1088 2498 sororis
1161 2456 1185 2497 ὁ
1217 2456 1387 2507 ζυμίτης
1419 2455 1727 2495 fermentatum

321 2530 434 2571 filius
1159 2528 1213 2569 τὰ
1243 2526 1383 2569 κοπτά
1416 2526 1592 2581 eopadia

264 2602 388 2653 λόχιά
420 2602 695 2656 puerperium
1164 2599 1321 2650 λιπαρά
1353 2597 1533 2653 pinguia
2043 2607 2078 2633 65

262 2674 286 2724 ἡ
320 2674 522 2716 νεοτόκος
554 2688 763 2728 puerpera
1165 2670 1372 2712 καπνιςτά
1404 2669 1617 2724 fumigata

267 2745 450 2794 νεογνόν
485 2760 632 2785 recens
664 2748 791 2799 partu
1166 2742 1190 2782 ὁ
1222 2741 1362 2792 ζωμός
1396 2740 1461 2781 ius

213 2830 247 2852 :²0
267 2820 409 2867 ςτεῑρα
442 2816 602 2857 sterilis
1165 2812 1331 2865 ἄρτυςις
1364 2812 1588 2853 conditura

268 2889 377 2939 χήρα
410 2887 539 2928 uidua
1166 2885 1350 2936 ἀρτυτόν
1383 2883 1603 2925 eonditum

1167 2956 1331 3007 ἄρτυμα
1362 2955 1683 2996 condimentum
2045 2964 2080 2989 70

128 3037 254 3083 [201⁰]
273 3031 369 3082 περὶ
405 3030 639 3082 βρωμάτων
673 3031 723 3071 de
757 3030 864 3071 escis
1168 3027 1311 3078 ἀρτύω
1345 3027 1515 3081 condio,
1548 3026 1720 3083 condito

385 3188 415 3218 3.
444 3195 508 3218 scr.
537 3185 685 3227 μήτρως
705 3185 716 3227 11
738 3188 793 3218 ⁶33.
821 3185 1036 3226 ὑπολιμαιος
1063 3182 1138 3217 eod.
1159 3182 1170 3226 ΙΙ
1191 3185 1246 3216 ⁶26.
1274 3182 1459 3224 ἀδελφοῡς
1489 3181 1566 3215 cod.
1587 3181 1598 3223 ll
1620 3184 1674 3215 37.
1702 3179 1899 3223 χουδρίτης
1925 3179 2027 3214 εοᾱ.Η
