2271 3505
291 150 377 192 658

350 263 427 313 τὴν
460 260 578 312 ὄψιν.
630 263 777 304 Καλῶς
810 262 993 315 έλούςω,
1026 263 1155 315 κύριε.

351 332 400 375 0‘1
434 333 554 385 φίλοι
585 333 788 386 πάρειςιν.

294 405 359 446 17.
412 406 598 457 Κέραςον
660 407 769 459 ἡμῖν.

352 477 427 519 δὸς
471 475 573 531 ἡμῖν
610 480 786 530 πρῶτον
823 480 981 521 τεῦτλα
1018 480 1043 532 ἢ
1084 495 1153 523 κο-

354 551 578 593 λοκύνθας.
632 550 733 603 βάλε
767 550 917 603 γάρον.
974 552 1049 594 δὸς
1082 552 1155 605 ῥα-

353 622 521 674 φάνους
543 623 610 664 καὶ
631 622 869 675 μαχαίριον.
909 624 979 666 θὲς
1001 623 1154 675 ὀΞόγα-

355 709 434 746 ρον
490 695 558 736 καὶ
609 695 809 746 θρίδακας
860 696 929 738 καὶ
980 697 1156 739 ςικύους.

352 767 458 818 φέρε
505 766 683 819 ὀνύχιον
727 768 795 809 καὶ
839 768 1044 811 κοιλίδιον
1089 771 1156 811 καὶ

352 840 429 891 τὴν
474 841 647 892 μήτραν.
711 839 811 882 δότε
857 839 1014 892 ἄρτους
1057 845 1154 884 ςιλι-

351 911 509 962 γνίτας.
581 911 683 965 βάλε
747 912 895 955 ἔλαιον
958 913 1017 956 εἰς
1077 915 1156 957 τὸν

352 982 541 1035 τάριχον.
591 984 667 1026 τὰς
694 984 859 1037 θρίςςας
886 987 1062 1029 λέπιςον
1087 989 1155 1029 καὶ

353 1056 423 1098 Θὲς
445 1056 515 1098 ἐπὶ
535 1057 613 1108 τὴν
633 1056 862 1108 τράπεζαν.
895 1058 994 1101 δότε
1017 1059 1155 1112 ςίνηπι

353 1127 420 1169 καὶ
439 1129 517 1179 τὴν
537 1129 773 1181 τραχηλίδα
794 1130 861 1171 καὶ
881 1131 958 1173 τὸν
976 1132 1156 1175 κωλεόν.

296 1200 362 1242 18.
406 1199 454 1242 ‘O
501 1200 618 1252 ἰχθὺς
664 1201 868 1254 ὤπτηται.
931 1204 1040 1256 Τέμε
1080 1206 1157 1257 τὴν

354 1270 522 1324 ἔλαφον
554 1274 622 1315 καὶ
654 1274 730 1316 τὸν
765 1274 950 1326 ςύαγρον
982 1277 1050 1318 καὶ
1080 1279 1157 1330 τὴν

354 1342 475 1395 ὄρνιν
496 1345 563 1386 καὶ
583 1345 660 1387 τὸν
681 1346 830 1396 λαγόν.
857 1349 957 1390 τοὺς
972 1351 1157 1392 καυλοὺς

355 1416 546 1468 ποίηςον.
610 1418 709 1470 τέμε
752 1420 878 1470 κρέας
917 1421 960 1463 ἐξ
1000 1422 1157 1464 ὕδατος

355 1488 550 1541 τακερόν.
602 1489 676 1531 δὸς
715 1491 841 1542 κρέας
880 1491 1032 1535 ὀπτόν.
1083 1495 1158 1536 δὸς

353 1561 453 1612 ἡμῖν
475 1564 584 1603 πεῖν.
624 1561 794 1605 Πάντες
815 1563 1004 1616 ἐπίομεν.
1046 1567 1157 1618 Φέρε

354 1632 428 1673 τὰς
467 1633 680 1684 τρυγόνας
721 1635 788 1676 καὶ
824 1636 901 1678 τὸν
934 1638 1159 1690 φαςιανόν.

355 1705 462 1756 φέρε
483 1705 643 1757 τοῧθαρ
665 1706 732 1747 καὶ
753 1705 930 1760 ἄλληκα.
975 1710 1158 1763 περίχεε.

355 1776 577 1829 φάγωμεν.
621 1777 803 1831 Ὡραίως
833 1781 1021 1831 ἐγένετο.
1066 1784 1159 1826 Δὸς

355 1851 603 1902 γαλαθηνὸν
667 1851 815 1896 ὀπτόν.
885 1854 999 1897 πάνυ
1063 1857 1159 1899 ζέει.

355 1922 454 1972 τέμε
506 1923 648 1965 αὐτόν.
713 1926 819 1977 φέρε
867 1928 960 1978 μέλι
1005 1927 1064 1970 εἰς
1109 1929 1159 1970 τὸ

356 1992 591 2046 ὀξύβαφον.
641 1997 747 2048 φέρε
781 1999 849 2039 καὶ
883 2002 994 2051 χῆνα
1026 2013 1157 2042 ςιτευ-

356 2066 433 2107 τὸν
460 2067 527 2107 καὶ
560 2068 815 2111 ςαλλάκωνα
842 2069 930 2127 (καὶ
956 2070 1160 2130 ἁλιςτόν).

358 2138 432 2180 δὸς
465 2139 583 2191 ὕδωρ
617 2140 675 2182 εἰς
710 2145 867 2194 χεῖρας.
931 2145 1088 2196 φέρετε
1124 2144 1162 2187 εἴ

357 2224 394 2251 τι
428 2210 567 2263 ἔχετε,
611 2214 875 2265 πρωτόγαλα
909 2216 1015 2267 μετὰ
1047 2218 1159 2268 μέλι-

357 2296 430 2324 τος
469 2284 536 2324 καὶ
571 2287 748 2338 κοπτήν.
811 2289 983 2340 μέριςον
1015 2289 1161 2342 αὐτήν.

358 2352 530 2406 ἄρωμεν
562 2356 614 2397 τὰ
647 2358 763 2410 μέρη.

300 2426 367 2468 19.
403 2426 551 2469 Καλῶς
584 2428 874 2483 ἑλήμφθημεν.
938 2433 1032 2474 Δὸς
1070 2436 1161 2475 τοῖς

358 2498 574 2541 διακόνοις
628 2499 724 2557 (δὸς
775 2506 866 2546 τοῖς
911 2502 1162 2561 ὑπηρέταις)

361 2573 458 2611 πεῖν
479 2571 547 2612 καὶ
567 2574 787 2626 δειπνῆςαι
802 2577 869 2618 καὶ
884 2580 945 2632 τῷ
961 2578 1162 2633 μαγείρῳ,

360 2642 506 2694 ἐπειδὴ
523 2646 665 2686 καλῶς
680 2645 956 2700 ὑπηρέτηςεν.
978 2648 1162 2705 ἄγωμεν,

362 2717 728 2767 περιπατήςωμεν.
759 2719 899 2763 Οὐδὲν
920 2721 1161 2774 εὐκαιρότε-

362 2798 451 2836 ρον.
511 2786 584 2827 Καὶ
617 2788 676 2830 εἰς
707 2792 785 2842 τὴν
818 2791 984 2844 ἀγοράν
1017 2807 1060 2836 ςε
1094 2796 1162 2847 ςή-

361 2870 492 2909 μερον
519 2858 773 2913 ἑπεζήτηςα·
806 2865 869 2906 ςοὶ
896 2865 1023 2917 λέγω,
1050 2866 1162 2908 οἰκο-

361 2929 559 2971 οέςποτα.
589 2931 762 2975 οὐδέπω
785 2936 968 2988 δύναμαι
987 2938 1038 2979 τὸ
1059 2939 1163 2989 ε’μὸν

363 3000 602 3052 ἀπολαβεῖν
629 3004 652 3045 ὅ
681 3021 749 3057 μοι
773 3007 982 3064 ὀφείλεις;
1007 3009 1164 3062 Αὔριόν

364 3088 426 3117 ςοι
484 3072 622 3118 δώεω.
684 3076 923 3130 Ἐμπαίζεις
976 3095 1037 3134 με.
1102 3082 1164 3125 Οὔ

364 3164 481 3200 φημὶ·

1203 1206 1265 1247 18.
1317 1204 1454 1247 Piscis
1505 1208 1675 1247 assatus
1720 1208 1796 1248 est.

1204 2435 1269 2474 19.
1309 2431 1425 2473 Bene
1465 2432 1629 2488 accepti
1669 2448 1827 2475 sumus.

741 151 1061 196 COLLOQVIVM
1087 151 1591 188 MONTEPESSVLANVM

1252 261 1374 305 luum
1435 263 1593 319 lotum,
1657 264 1840 308 domine.
1914 265 2057 309 Amici

1253 338 1478 378 uenerunt.

841 404 1154 461 ἀγκωνίςωμεν.
1196 409 1261 449 17.
1294 407 1429 450 Misce
1460 408 1597 451 nobis.
1646 409 1959 452 accumbamus.
2006 410 2059 452 da

1252 479 1380 522 nobis
1418 481 1607 536 primum
1645 481 1768 523 betas
1806 484 1882 524 aut
1914 496 2059 525 cucur-

1254 552 1379 594 bitas.
1424 553 1549 596 mitte
1582 554 1813 610 liquamen.
1865 554 1919 596 da
1950 554 2058 596 radi-

1255 639 1324 667 ces
1345 628 1388 667 et
1409 625 1644 668 cultellum.
1687 641 1799 682 pone
1821 641 2060 684 oxogarum

1256 700 1299 739 et
1330 697 1521 740 lactucas
1554 701 1598 740 et
1630 713 1888 741 cucumeres.
1941 699 2061 741 adfer

1255 770 1476 826 ungellam
1545 774 1588 812 et
1657 770 1948 814 uentriculum
2017 774 2061 813 et

1255 841 1443 884 uuluam.
1508 843 1605 884 date
1649 858 1783 899 panes
1824 842 2059 900 siligineos.

1255 914 1380 956 mitte
1408 915 1551 957 oleum
1577 915 1622 957 in
1649 915 1821 958 salsum.
1867 915 2062 958 sardinas

1256 1002 1467 1042 exquama
1493 991 1536 1030 61
1562 1003 1674 1044 pone
1701 1003 1830 1044 super
1855 1003 2060 1030 mensam.

1256 1059 1354 1101 date
1399 1059 1547 1116 sinape
1590 1063 1633 1102 et
1672 1060 1876 1103 collarem
1915 1063 1959 1102 61
1997 1074 2062 1102 60-

1256 1131 1443 1174 loefium.

1858 1204 2062 1247 Praecide

1257 1291 1432 1318 ceruum
1466 1280 1508 1319 et
1538 1293 1690 1333 aprum
1717 1280 1760 1320 et
1786 1276 1993 1334 gallinam
2020 1279 2064 1318 et

1257 1348 1457 1403 leporem.
1504 1350 1710 1392 coliculos
1742 1350 1820 1392 fac.
1865 1348 2062 1405 praecide

1259 1435 1430 1462 carnem
1476 1437 1527 1463 ex
1569 1437 1681 1477 aqua
1719 1422 1947 1464 madidam.
2011 1420 2064 1462 da

1258 1507 1429 1535 carnem
1463 1509 1613 1536 assam.
1663 1495 1716 1536 da
1748 1494 1875 1536 nobis
1902 1493 2062 1536 bibere.

1259 1564 1418 1606 Omnes
1452 1565 1653 1608 bibimus.
1707 1566 1844 1608 Adfer
1870 1568 2068 1608 turtures

1259 1639 1301 1678 et
1359 1637 1584 1679 fasianum.
1648 1638 1768 1680 adfer
1819 1653 1970 1680 sumen
2021 1640 2065 1680 et

1259 1708 1446 1751 allecem.
1487 1710 1707 1765 perfunde.
1745 1710 2063 1752 manducemus.

1259 1780 1431 1836 Optime
1453 1783 1615 1825 factum
1637 1786 1712 1825 est.
1740 1782 1807 1825 Da
1826 1782 2065 1839 porcellum

1258 1868 1413 1896 assum.
1460 1855 1585 1897 ualde
1619 1855 1739 1898 calet.
1787 1855 1984 1911 praecide
2017 1854 2065 1897 il-

1257 1924 1359 1967 lum.
1424 1927 1543 1969 adfer
1593 1928 1678 1970 mel
1729 1928 1773 1970 in
1827 1926 2064 1970 acetabulo.

1260 1997 1379 2039 adfer
1419 2002 1462 2040 et
1500 2014 1696 2041 anserem
1736 2000 1983 2057 saginatum
2022 2003 2066 2042 61

1261 2070 1348 2113 sale
1373 2071 1595 2113 conditum
1616 2071 1680 2121 (61
1701 2071 1789 2114 3316
1810 2070 2065 2129 conditum).

1261 2143 1313 2184 da
1346 2158 1501 2198 aquam
1535 2144 1587 2185 ad
1620 2159 1783 2186 manus.
1830 2144 1995 2188 adferte
2028 2144 2064 2187 si

1261 2215 1364 2270 quid
1424 2216 1614 2270 habetis,
1678 2216 1911 2258 colostram
1968 2231 2065 2259 cum

1260 2287 1387 2329 melle
1409 2291 1451 2329 61
1473 2287 1771 2330 Gelonianum.
1820 2289 1932 2344 parti
1956 2304 2064 2332 eum.

1260 2359 1464 2402 tollamus
1496 2363 1652 2415 partes.

1885 2433 1952 2475 Da
1990 2434 2065 2476 mi-

1260 2503 1548 2546 nistrantibus
1586 2504 1661 2562 (da
1696 2504 2066 2563 ministrantibus)

1263 2575 1409 2618 bibere
1449 2579 1492 2618 61
1531 2591 1681 2619 cenare
1721 2580 1764 2620 61
1802 2593 1923 2633 coco⁷
1965 2593 2066 2634 quo·

1261 2648 1378 2690 niam
1418 2649 1526 2691 bene
1566 2648 1843 2692 ministrauit.
1909 2665 2068 2706 eamus,

1263 2720 1599 2763 deambulemus.
1648 2720 1771 2763 Nihil
1799 2722 2066 2778 oportunius.

1262 2791 1321 2834 Et
1357 2792 1411 2848 *in
1455 2792 1550 2835 foro
1593 2796 1635 2835 te
1674 2793 1802 2847 hodie
1841 2793 2068 2849 inquisiui:

1263 2863 1344 2905 tibi
1367 2864 1474 2920 (1160,
1493 2868 1617 2920 pater
1637 2865 1834 2907 familias.
1873 2866 2066 2908 nondum

1262 2951 1439 2992 possum
1502 2951 1647 2980 meum
1703 2937 1893 2992 recipere
1951 2937 2066 2993 quod

1262 3008 1369 3050 mihi
1397 3008 1557 3050 debes?
1591 3007 1696 3051 Cras
1722 3009 1803 3051 tibi
1831 3009 1952 3051 dabo.
1998 3009 2064 3051 In-

1263 3080 1376 3123 ludis
1408 3095 1487 3123 me.
1539 3080 1639 3122 Non
1673 3080 1860 3136 inquam.
2009 3086 2016 3092 '
