2271 3475
243 187 301 229 22
772 184 837 219 HE
845 182 1185 219 RMENEVMATA
1210 181 1472 216 LEIDENSIA

245 301 423 350 (αβανια
455 295 614 337 sabana
1143 296 1337 344 διακριμα
1370 290 1657 332 discriminale

247 382 450 421 ερμαγιον
482 366 660 409 mantile
1145 366 1362 406 αλυειδιον
1395 365 1544 405 catena

128 444 227 490 [13¹1]
249 454 544 493 χειρεκμαγιον
576 454 730 493 mappa
1145 432 1384 491 αεπιδιον4)
1416 434 1631 489 clippeum

245 515 350 564 τυλη
384 501 539 553 'culcita
1145 521 1324 559 μανιακη
1357 508 1534 561 torques

211 599 227 625 5
247 582 586 636 προεκεφαλαιὶἷ
607 581 834 636 pulbinum
1144 581 1361 631 πομφολιξ
1394 578 1512 619 bulla

247 669 497 708 υπαιχενιον
530 652 713 695 ccrbical
1145 665 1301 693 ενωτια
1331 650 1503 692 inaures

247 729 480 780 γναφαλλα
512 727 754 767 tomentum
1145 735 1446 774 περιαυχενιον
1481 720 1682 762 lilialium
1703 745 1710 751 ·
1731 720 1976 762 liliocatcna

248 813 378 852 μνου(
408 798 555 853 pluma
1145 807 1385 846 περιεφυρα
1418 792 1539 848 pedis
1572 793 1728 834 celides

249 874 420 922 ενιλεμα
452 868 719 911 inbuluclum
852 858 855 861 ’
1145 879 1365 917 περιχερια
1398 864 1607 906 dextralia

196 959 228 983 10
247 938 640 996 Uemxpmuozwuvl)
674 940 943 982 decoloribus
1144 939 1295 979 κλανια
1326 935 1445 977 beria

249 1029 398 1067 χρωμα
430 1013 547 1055 color
1145 1014 1326 1060 καθετηρ
1359 1007 1658 1050 redimiculum

249 1100 454 1139 πορφυρα
485 1099 672 1140 pul-pora
1146 1077 1503 1136 Heptapwpeovf’)
1535 1079 1820 1136 Deargenteis

250 1171 507 1210 πορφυρουν
538 1171 799 1211 purporeum
1149 1166 1323 1204 αργιρο(
1356 1154 1584 1207 argentum

251 1227 437 1285 λεικονῗ)
470 1228 615 1269 album
1149 1221 1318 1280 (κευηθ)
1350 1223 1536 1265 bascella

199 1319 232 1343 15
252 1305 385 1354 μελαν
416 1300 591 1357 nigrum
1148 1310 1329 1348 τορευτα
1361 1298 1533 1337 tornata

252 1376 448 1416 ποικιλον
480 1371 648 1414 uarium
1149 1372 1367 1420 Ξυετρωτα
1398 1368 1599 1424 strigcles

250 1449 509 1497 ἰ’διοχρωμον
544 1443 608 1484 sui
642 1443 798 1485 coloris
1150 1442 1422 1491 γεγλυμμενα
1454 1439 1591 1482 celata

253 1520 441 1559 ελαιϊνον
475 1515 736 1557 olem-meum
1151 1526 1311 1564 εκυφοε
1343 1511 1474 1553 scifus

254 1591 437 1641 φυλιρον
469 1586 729 1641 porticabum
788 1587 826 1628 R.
1152 1587 1407 1636 παῑωνομοε
1439 1583 1539 1625 lanx

201 1678 234 1703 <20
253 1663 407 1703 ἰ’Ξοῑδεε
440 1658 677 1700 uiseineum
1153 1670 1347 1698 πινακιον
1381 1655 1573 1697 catillum

254 1745 406 1784 κροκυε
439 1730 561 1772 fucus
1152 1730 1379 1781 τρουβλιον
1411 1726 1607 1782 paralisis

253 1799 601 1857 Περιχρυεεων3)
632 1801 839 1843 Deam-eis
1154 1797 1422 1855 οξυβαφονΊ)
1455 1798 1718 1840 acitabulum

257 1889 428 1927 χρυεοιν
461 1888 636 1915 aureum
1153 1874 1365 1923 κοχλιοριξ
1398 1870 1534 1927 ligula
1555 1895 1562 1901 ·
1583 1868 1792 1926 linguclla

257 1959 436 1998 χρυεουε
468 1959 622 1986 aureus
1155 1949 1399 1995 καθοπτρον
1433 1942 1653 1997 speculum

204 2035 237 2060 :25
257 2020 480 2060 δακτυλιοε
513 2015 666 2057 anulus
1155 2029 1287 2067 κονχη
1320 2014 1482 2056 concha

257 2103 403 2141 κοεμια
437 2090 687 2129 ornamenta
1156 2092 1304 2139 αιθμο(
1336 2085 1478 2128 colum

259 2174 470 2212 (τεφανοε
504 2174 661 2201 corona
1157 2162 1409 2211 λιβανωτριε
1440 2156 1680 2199 turibulum

381 2315 413 2356 1)
442 2313 487 2348 de
522 2312 710 2348 coloribus
744 2313 854 2348 etiam
885 2324 1011 2358 maryo
1042 2313 1052 2357 Η
1085 2313 1121 2357 2)
1147 2324 1167 2346 0
1200 2323 1244 2347 ex
1277 2324 1306 2346 ω
1339 2322 1431 2348 corr.
1463 2322 1510 2346 m.
1537 2314 1557 2345 1
1590 2312 1602 2356 ΙΙ
1634 2312 1670 2355 3)
1697 2309 1876 2345 Deam-eis
1907 2311 2017 2345 etiam

261 2384 385 2419 maryo
409 2375 420 2418 Η
447 2374 483 2417 4)
511 2384 528 2408 c
561 2384 739 2417 supet-scr.
765 2384 810 2407 m.
841 2376 859 2406 1
879 2374 891 2417 11
912 2373 947 2416 5)
975 2370 1224 2416 Deargenteis
1251 2372 1360 2407 etiam
1385 2382 1509 2417 margo
1529 2371 1540 2415 ΙΙ
1561 2373 1596 2413 6)
1621 2382 1642 2405 υ
1669 2382 1713 2406 ex
1739 2382 1749 2404 ι
1774 2381 1864 2406 corr.
1891 2381 1936 2405 m.
1965 2361 2017 2406 111

263 2434 297 2477 7)
325 2437 409 2468 ante
437 2445 458 2467 υ
484 2433 601 2468 deleta
626 2437 676 2468 est
703 2444 712 2466 1
738 2444 762 2467 a
786 2443 832 2467 m.
860 2436 880 2466 1
902 2432 914 2476 ss

381 2578 413 2609 2.
447 2586 620 2617 εκματιον
652 2574 808 2609 mantile
841 2575 892 2610 ab
924 2575 936 2619 ΙΙ
967 2577 999 2610 5.
1031 2572 1228 2608 bulbinum
1259 2574 1310 2609 ab
1341 2576 1353 2619 ΙΙ
1386 2578 1417 2609 6.
1444 2572 1606 2608 ceruical
1631 2574 1684 2609 ab
1715 2575 1727 2618 ΙΙ
1760 2578 1790 2609 7.
1818 2576 2015 2618 τναφαλλα

263 2648 314 2682 ab
339 2647 350 2690 ΙΙ
376 2650 407 2681 9.
434 2645 690 2680 incubiculum
715 2648 767 2682 ab
792 2647 803 2690 ΙΙ
831 2650 886 2682 10.
911 2621 1183 2690 περιχῗυματων
1214 2657 1248 2680 α.
1284 2656 1350 2680 om.
1377 2646 1398 2681 b
1422 2646 1434 2690 ΙΙ
1464 2649 1516 2682 12.
1542 2657 1709 2689 πορφιρα
1740 2655 1908 2690 purpura
1931 2646 1984 2680 ab
2006 2645 2017 2690 ῥΙ

267 2734 320 2764 13.
347 2739 575 2774 purpureum
595 2730 646 2765 ab
666 2729 677 2774 ΙΙ
700 2733 753 2764 14.
780 2732 912 2764 λευκον
931 2741 956 2764 a
974 2729 986 2773 ΙΙ
1008 2733 1061 2764 16.
1081 2731 1259 2764 πουκιλον
1279 2729 1330 2764 ab
1352 2727 1356 2774 1
1380 2707 1528 2771 {larium
1547 2740 1572 2763 a
1589 2728 1601 2773 ΙΙ
1623 2732 1677 2763 17.
1700 2730 1912 2773 ιδιοχρομον
1933 2729 1985 2764 ab
2008 2729 2017 2773 11

267 2816 321 2847 19.
355 2815 547 2856 φυλιρινον
579 2813 629 2847 ab
662 2812 666 2858 Ι
694 2801 738 2847 ΔΕ
762 2823 829 2848 om.
862 2813 914 2848 ab
945 2814 957 2858 ΙΙ
988 2815 1045 2848 20.
1079 2814 1185 2847 ιξιδεε
1216 2813 1267 2847 ab
1298 2813 1310 2857 Η
1341 2815 1397 2846 21.
1431 2823 1554 2856 κροκι(
1586 2812 1638 2847 ab
1669 2813 1682 2856 11
1713 2815 1769 2846 22.
1797 2788 1938 2857 ‚gneum
1964 2810 2018 2858 αΗ

266 2875 321 2906 24.
348 2882 492 2915 χρυεοι(
517 2883 550 2906 α.
583 2883 729 2915 χρυεοιν
756 2873 776 2907 b
801 2873 813 2917 11
840 2875 894 2906 29.
923 2873 1094 2906 αλιειδιον
1120 2872 1170 2906 ab
1197 2872 1208 2915 [l
1235 2875 1290 2906 30.
1318 2869 1481 2915 clipeum
1506 2883 1530 2906 α
1555 2872 1566 2916 ΙΙ
1593 2875 1650 2907 31.
1678 2883 1856 2916 μανιακη(
1881 2883 1914 2906 α.
1953 2882 2018 2914 μα-

266 2942 381 2965 νιακι(
400 2930 420 2966 b
439 2931 451 2975 ΙΙ
471 2934 526 2964 34.
547 2942 792 2973 περιαιχενιον
813 2932 864 2967 ab
887 2930 891 2977 Ι
914 2929 1135 2966 liliocatena
1152 2941 1218 2966 om.
1241 2930 1292 2966 ab
1311 2932 1323 2974 ΙΙ
1343 2934 1398 2965 37.
1419 2929 1532 2964 benia
1551 2931 1603 2966 ab
1622 2932 1634 2974 ΙΙ
1653 2935 1709 2967 39.
1729 2931 1960 2975 Περιαργεον
1984 2931 2015 2965 b.

268 3000 351 3032 περι
378 3001 423 3033 αρ
449 3000 536 3031 γεον
562 2991 691 3034 a1140.
719 2991 937 3034 argenteum
961 2992 1089 3036 α1141.
1118 3001 1223 3033 κεευη
1250 2989 1301 3025 ab
1323 2989 1329 3036 l
1351 2989 1519 3024 uascella
1545 2990 1565 3025 b
1584 2991 1595 3035 ΙΙ
1614 2993 1670 3024 43.
1698 2988 1856 3034 strigilis
1882 3001 1917 3025 a.
1944 2990 2016 3024 ste-

267 3047 348 3082 rilis
371 3049 390 3084 b
410 3049 422 3092 ΙΙ
441 3052 497 3084 44.
524 3051 760 3092 γαγλυμμενα
780 3051 831 3085 ab
851 3050 862 3094 ΙΙ
881 3053 937 3084 45.
965 3053 1096 3085 εκυθοε
1121 3048 1273 3093 sciphus
1293 3050 1314 3085 b
1333 3050 1344 3095 ΙΙ
1363 3052 1419 3084 46.
1446 3051 1656 3092 παζονομοε
1675 3061 1709 3084 α.
1735 3051 1945 3092 παξονομοε
1965 3049 1986 3084 b
2006 3048 2017 3093 ἶῖ

268 3111 325 3143 47.
359 3106 530 3142 catillum
566 3119 611 3143 ex
645 3107 824 3142 cutellum
855 3120 946 3144 corr.
979 3121 1003 3145 α
1032 3111 1044 3153 ΙΙ
1074 3112 1131 3143 49.
1165 3111 1368 3152 οξυιβοιφον
1399 3109 1451 3160 qb
1482 3108 1493 3152 ΙΙ
1525 3112 1580 3143 50.
1613 3107 1797 3152 linguella
1828 3119 1894 3143 om.
1928 3109 1979 3143 ab
2006 3108 2007 3117 ¹

270 3170 324 3202 51.
353 3169 559 3210 καθοντρον
586 3166 606 3202 b
625 3167 637 3212 ΙΙ
657 3170 711 3202 52.
740 3177 855 3201 conca
881 3168 900 3203 b
920 3167 931 3211 ΙΙ
953 3171 1008 3202 53.
1039 3169 1166 3211 διθμοε
1191 3168 1242 3202 ab
1261 3169 1273 3212 ΙΙ
1293 3171 1348 3202 54.
1375 3169 1579 3211 λιβονοτριε
1605 3168 1656 3202 ab
1676 3167 1687 3210 ΙΙ

2023 451 2057 476 30

2027 1168 2062 1193 40

2031 1526 2065 1552 45
