2271 3475
736 161 1082 197 FRAGMENTVM
1108 159 1377 196 PAR1SINVM
1855 157 1936 199 107

183 272 376 314 libertati
409 271 480 313 lex
511 272 732 327 ἐλευθερίᾳ
763 271 895 323 νόμος
1082 270 1175 312 fieri
1207 269 1345 326 possit
1366 303 1374 311 .
1394 269 1581 319 γίνεςθαι
1613 271 1786 323 δυνηθῇ.

184 343 310 385 Aelia
344 342 503 398 sentia,
535 343 677 390 Αἴλιος
711 345 889 396 Σήντιος
1082 342 1242 399 Magna
1304 344 1448 383 tamen
1511 339 1719 382 dissensio
1780 339 1941 392 μεγάλη

185 430 293 471 quae
326 417 445 456 uetat
478 411 586 472 mel)
618 415 772 457 κωλύει
1143 417 1288 467 μέντοι
1321 413 1623 466 ἀμφιςβήτηςις

185 501 358 528 seruum
390 488 551 528 δοῦλον
1084 487 1196 528 inter
1227 485 1477 541 prudentes,
1515 485 1562 526 ἐν
1594 486 1686 526 τοῖς
1718 482 1943 535 φρονίμοις

150 555 549 614 5foenerat0rum‘2)
583 559 814 600 δανειςτῶν
1083 561 1228 600 utrum
1279 572 1328 599 eo
1373 559 1566 611 tempore
1608 555 1681 598 ἵνα
1725 551 1944 609 ῥωμηωῑο)

185 645 335 674 caussa
367 630 493 672 ἕνεκα
1143 630 1288 684 χρόνῳ

184 701 497 744 manumissum
529 701 884 753 ἠλευθερωμένον
1084 702 1198 744 uires
1219 699 1431 755 accipiant
1445 699 1643 750 δυνάμει(
1657 698 1943 752 λαμβάνουςιν
1965 711 2000 736 30

185 773 324 817 ciuem
360 772 428 815 Ro
451 807 458 814 .
478 772 590 815 fieri:
634 772 815 825 πολίτην
854 773 1045 825 ρωμαῑον
1086 773 1241 829 omnia,
1274 772 1319 814 in
1352 786 1435 827 quo
1470 785 1621 813 census
1654 770 1796 813 πάντα
1828 771 1876 813 ἐν
1909 770 1943 825 ᾧ

245 847 453 900 γενέςθαι,
1143 847 1302 898 τίμηςις

185 918 260 960 sed
290 917 495 960 Latinum
526 915 711 958 *.ἀλλὰ
742 915 970 969 ῥώμαικὸν.
1084 916 1190 976 inll)
1242 932 1291 960 eo
1342 918 1536 970 tempore
1591 915 1638 958 ἐν
1689 914 1838 970 ἐκείνῳ
1883 918 1943 970 τῷ

132 1008 165 1033 10
185 993 228 1032 et
267 989 339 1045 qui
380 989 424 1031 in
460 1003 635 1030 censum
666 985 906 1045 καπινιςη3)
938 987 1044 1030 ἀπο·
1145 991 1289 1043 χρόνῳ

243 1063 427 1114 τιννήςει
1085 1064 1129 1105 in
1168 1077 1252 1118 quo
1292 1061 1478 1103 lustrum
1517 1060 1564 1101 ἐν
1604 1059 1638 1113 ᾧ
1675 1058 1699 1100 ὁ
1732 1059 1945 1110 καθαρμὸς

183 1133 561 1188 manumittuntur,
593 1130 976 1188 ἐλευθεροῦνται,4)
1084 1134 1284 1178 conditur
1305 1168 1312 1175 .
1335 1131 1554 1174 existimat
1608 1130 1788 1174 κτίζεται
1808 1164 1817 1174 .
1838 1130 1944 1173 ὑπο-

157 1206 220 1250 rsi
253 1205 435 1262 triginta
468 1220 603 1246 annos
643 1205 678 1247 εἰ
710 1204 938 1257 τριάκοντα
971 1203 1043 1255 ἔτη
1145 1205 1432 1259 λαμβάνουςιν

132 1439 164 1465 15

82 1937 165 1970 '20

183 1277 353 1333 habeat,
387 1276 564 1318 ciuitate
598 1276 701 1331 ἔχοι,
735 1276 862 1319 πόλιν
1085 1278 1199 1321 enim
1238 1292 1413 1319 censum
1449 1275 1694 1318 discendere
1727 1275 1808 1327 γὰρ
1842 1274 1944 1317 ἀπο-
1964 1286 1998 1311 35

182 1350 377 1392 Romana
397 1348 588 1404 pascitur
603 1346 657 1405 .5)
672 1348 872 1401 ῥώμαίων
888 1351 1044 1391 κτᾶται.
1144 1351 1305 1402 τίμηςιν
1338 1351 1570 1400 καταβῆναι

185 1422 350 1466 Census
381 1424 526 1463 tamen
559 1421 717 1472 τίμηςις
751 1421 895 1472 μέντοι
1083 1423 1135 1464 ad
1188 1422 1300 1463 diem
1353 1420 1498 1475 lustri,
1549 1420 1618 1462 ἐπὶ
1662 1421 1824 1472 ἡμέραν
1868 1423 1945 1461 τοῦ

184 1494 346 1537 Romae
362 1492 432 1550 agi
448 1492 653 1535 solet.{1·ti
668 1492 810 1545 ῥώμης
826 1496 1000 1544 ατηθαις
1009 1489 1045 1548 6)
1144 1497 1374 1548 καθαρμοῦ,

245 1566 409 1609 εἴωθεν.
1083 1582 1170 1608 non
1220 1566 1404 1608 lustrum
1456 1565 1678 1607 decurrere
1730 1565 1826 1616 οὐχὶ
1869 1564 1946 1606 τὸν

183 1639 235 1681 In
268 1652 420 1680 census
452 1638 596 1678 autem
628 1636 785 1689 τίμηςις
818 1637 962 1688 μέντοι
1145 1639 1364 1690 καθαρμὸν
1396 1639 1670 1690 κατατρέχειν

185 1710 322 1752 lustro
362 1708 815 1764 conditui-‚Kofflapusp
854 1709 1044 1751 κτίζεται.
1084 1711 1137 1752 ad
1188 1710 1300 1752 diem
1349 1724 1500 1752 census
1523 1744 1529 1750 .
1552 1711 1621 1751 ἐπὶ
1665 1710 1828 1761 ἡμέραν
1872 1712 1945 1760 τῆς

185 1781 267 1823 Est
324 1783 468 1822 autem
524 1780 710 1822 lustrum
761 1780 872 1822 ἔςτιν
923 1782 970 1822 δὲ
1022 1781 1046 1821 ὁ
1145 1784 1430 1835 διατιμήςεως.

246 1854 461 1905 καθαρμὸς
1084 1857 1312 1909 propterea
1345 1853 1588 1909 quaesitum
1615 1854 1692 1909 est,
1719 1853 1787 1895 διὰ
1816 1855 1945 1895 τοῦτο

186 1923 501 1982 quinquennale
516 1926 699 1980 tempus,
717 1925 1046 1977 πενταετηρικὸς
1146 1927 1353 1980 ἐζήτηται,

247 1997 416 2051 χρόνος,
1088 1997 1187 2052 quia
1220 1997 1363 2039 omnia
1395 1998 1541 2050 ἐπειδὴ
1576 1997 1716 2039 πάντα
1971 2010 2000 2033 10

186 2066 697 2125 ([ιιοι·ιιιιι7)1ιιεὴι·61;ιιι·.ᾧ
719 2068 836 2120 ῥώμη
853 2068 1044 2121 καθαίρε-
1086 2084 1213 2111 censu
1241 2072 1447 2126 aguntur:
1474 2074 1523 2125 τῇ
1551 2069 1798 2122 ἀποτιμήςει
1819 2069 1942 2122 πράς-

245 2156 324 2183 ται.
1146 2156 1289 2184 ςονται

188 2212 270 2256 Sed
303 2213 430 2254 debet
462 2211 532 2255 hio
564 2227 714 2254 seruus
744 2211 854 2254 ἀλλὰ
881 2212 1047 2265 ὀφείλει
1084 2213 1221 2256 lustro
1274 2215 1582 2256 confirmantur
1603 2248 1610 2256 .
1631 2218 1692 2269 τῷ
1743 2217 1946 2268 καθαρμῷ

246 2285 374 2327 οὗτος
407 2284 431 2326 ὁ
465 2288 621 2327 δοῦλος
1149 2287 1534 2338 ἰςχυροποιοῡνται.

187 2373 238 2399 ex
258 2357 349 2399 iure
371 2356 596 2412 quiritium
616 2357 662 2399 ἐκ
683 2357 845 2399 δικαίου
861 2355 1049 2413 κυριαςῦ)
1089 2358 1171 2399 Sed
1211 2358 1255 2399 in
1294 2357 1468 2399 ciuitate
1508 2358 1618 2400 ἀλλὰ
1656 2358 1704 2400 ἐν
1739 2362 1788 2413 τῇ
1822 2357 1946 2399 πόλει

188 2428 534 2471 manumittentis
567 2426 946 2485 ἐλευθεροῦντος9)
1087 2430 1281 2471 Romana
1313 2432 1483 2472 tantum
1516 2430 1716 2482 ῥώμαίών
1750 2429 1884 2481 μόνον

155 2520 165 2525 -
188 2516 298 2556 esse,
338 2503 386 2543 ut
424 2500 531 2543 ciuis
563 2500 785 2542 Romanus
818 2500 943 2553 εἶναι,
976 2502 1048 2543 ἵνα
1086 2516 1261 2543 censum
1294 2502 1364 2558 agi
1398 2501 1647 2553 ἀποτίμηςιν
1680 2501 1851 2552 ἄγεςθαι
1967 2514 2001 2537 ⁴5

248 2572 424 2624 πολίτης
456 2573 646 2626 ῥώμαῑος
1087 2573 1349 2615 declaratum
1382 2576 1476 2616 est.
1498 2576 1748 2627 δεδήλωται.

310 2670 342 2710 1)
370 2667 411 2701 ὃς
434 2678 559 2713 τηαν-90
590 2668 602 2710 ΙΙ
634 2668 670 2711 2)
697 2666 736 2701 F.
765 2666 802 2703 C.
828 2669 948 2703 eodem
973 2672 1176 2703 atramento
1202 2679 1317 2713 supra
1342 2679 1409 2703 scr.
1441 2669 1454 2712 ΙΙ
1489 2669 1526 2711 3)
1555 2670 1612 2702 καὶ
1639 2669 1680 2702 ὅς
1704 2679 1759 2702 τις
1785 2678 1910 2713 margyo

189 2727 225 2769 4)
259 2727 517 2770 ἐλευθεροῦται
556 2737 681 2773 νια-ιῃο
710 2728 724 2772 ss
756 2727 792 2772 5)
823 2727 969 2772 potitur
1001 2739 1126 2774 may-90
1157 2728 1168 2772 ll
1201 2729 1236 2772 6)
1270 2728 1418 2769 ἅγεςθαι
1449 2739 1576 2774 marfjo
1608 2729 1619 2773 ΙΙ
1653 2729 1687 2772 7)
1721 2738 1794 2771 quo
1829 2728 1948 2761 Roma

189 2796 315 2831 moeryo
334 2786 345 2831 ΙΙ
365 2787 401 2830 8)
428 2786 468 2820 ἐκ
494 2786 741 2830 δικαιοκυρίας
766 2798 892 2832 «ηιαιῃο
917 2788 928 2832 ΙΙ
955 2789 990 2832 9)
1017 2787 1325 2831 ἑλευθερούμενος
1350 2798 1477 2833 ἠιανῃο
1501 2788 1513 2831 [Ι
1541 2790 1599 2829 10)
1627 2787 1666 2821 ἐν
1692 2791 1738 2831 τῇ
1767 2787 1886 2832 ῥώμῃ,
1914 2788 1944 2831 ᾧ

183 2857 255 2890 pro
279 2846 342 2880 ἵνα
367 2856 508 2889 ρωμηω
534 2857 659 2891 marqo
678 2847 690 2891 ΙΙ
710 2848 768 2890 11)
796 2857 819 2880 a
844 2847 963 2882 eodem
989 2850 1192 2883 atramento
1217 2858 1414 2892 suprascr„
1439 2851 1481 2882 ut
1507 2857 1555 2880 an
1581 2847 1756 2893 {efferetur
1775 2848 1786 2892 ΙΙ

309 2934 340 2964 5.
369 2931 548 2963 δανιςτῶν
581 2928 676 2963 δίκαι
707 2929 746 2964 F.
782 2928 818 2965 O.
852 2929 892 2964 id
925 2931 982 2964 est
1014 2930 1312 2965 fraudandoruin
1345 2929 1570 2965 creditorum
1600 2930 1699 2965 Pith.
1727 2930 1769 2964 in
1794 2942 1898 2976 mars]

190 2992 221 3023 6.
250 2999 364 3023 causa
390 2988 486 3023 Pith.
513 2990 525 3033 ss
551 2992 581 3023 9.
609 2989 821 3025 asteriscum
847 3002 913 3025 om.
941 2990 1038 3026 Pith.
1066 2992 1078 3035 ΙΙ
1106 2995 1160 3026 11.
1187 2988 1469 3024 manumittitur
1496 2989 1594 3024 Pith.
1615 2991 1627 3034 ss
1650 2994 1703 3024 17.
1732 2993 1786 3025 18.
1813 2988 1851 3023 in
1879 3002 1943 3024 om.

191 3048 287 3083 Pe'th.
312 3049 316 3095 Ι
338 3048 478 3092 τίμηςις
505 3050 550 3091 δὴ
569 3049 894 3092 ’καθαρμωτίξεται
919 3062 988 3096 ms]-
1017 3050 1113 3086 Pam.
1135 3052 1146 3096 ΙΙ
1166 3054 1223 3084 21.
1250 3061 1323 3093 quo
1352 3049 1470 3084 Roma
1496 3049 1593 3085 Pam.
1618 3049 1622 3095 l
1647 3053 1856 3094 καθαρεῑται
1877 3060 1944 3094 my.

191 3108 278 3142 Pessth
318 3110 330 3153 ΙΙ
359 3112 414 3143 29.
441 3108 526 3142 utro
553 3118 635 3141 meo
664 3108 760 3142 Pith.
787 3110 798 3152 ΙΙ
824 3114 880 3143 32.
909 3121 961 3144 aa.
982 3110 1080 3145 Pith.
1107 3111 1119 3155 ΙΙ
1144 3114 1199 3145 34.
1228 3108 1447 3144 existimant
1474 3109 1571 3144 Pzssth.
1598 3111 1609 3155 ΙΙ
1636 3114 1690 3146 35.
1720 3107 1944 3143 descendere

190 3166 287 3202 Pith.
308 3169 320 3212 ΙΙ
340 3171 396 3203 39.
424 3168 482 3202 est
501 3178 523 3203 ³⁴<
550 3167 647 3203 Pith.
668 3169 678 3213 ΙΙ
