2302 3505
124 1033 157 1058 10

124 1401 156 1426 15

122 1762 156 1786 20

122 2555 156 2580 30

705 188 1395 226 HERMENEVMATASTERHANI
1849 185 1932 227 381

177 316 265 343 non
297 300 564 343 subtrahant.
600 303 652 354 μὴ
686 301 939 353 ὑφέλκωειν.

178 372 330 428 scripsi
363 388 466 429 ergo
500 373 673 425 ἔγραψα
705 373 784 414 οῦν

178 460 321 486 meum
352 460 528 486 nomen:
561 445 666 496 ἐμὸν
699 443 857 496 ὄνομα·

178 520 220 558 et
252 517 313 558 ita
346 516 460 570 steti,
493 517 559 558 καὶ
592 517 731 558 οὕτω(
765 515 958 570 ἐετάθην,

178 589 311 631 donec
356 588 658 630 antecedentes
703 588 785 630 ἕως
824 588 864 629 οἱ
904 587 1038 639 προά-

237 675 390 712 γοντεε

176 733 467 788 reddiderunt,
499 733 740 775 ἀπέδωκαν.

177 808 220 846 et
252 805 426 846 adtendi
460 806 527 847 καὶ
559 806 798 857 προεέεχον

175 877 551 933 pronuntiationes
584 877 822 928 ὑποκρίεειε

175 949 479 1006 praeceptoris,
511 952 766 1004 καθηγητοῦ,

178 1025 220 1063 et
253 1021 546 1078 condiscipuli.
580 1023 648 1064 καὶ
680 1023 960 1072 (υμμαθητοῦ.

178 1094 338 1136 etenim
371 1094 469 1136 inde
505 1095 571 1136 καὶ
603 1094 685 1145 γὰρ
719 1094 883 1135 ἐκεῖθεν

176 1167 425 1222 proficimus
458 1166 774 1220 προκόπτομεν,

177 1239 463 1294 attendentes,
495 1240 782 1291 προεέχοντεε

178 1311 286 1366 aliis,
319 1311 479 1367 ἄλλοις,

176 1383 319 1439 siquid
352 1383 431 1439 ipsi
468 1383 545 1426 εἴτι
579 1384 724 1426 αὐτοῖς

176 1458 423 1497 monuntur.
458 1457 706 1498 δεικνύοι-το.

176 1527 353 1570 audacia
384 1527 485 1570 hinc
518 1528 652 1580 τόλμη
685 1527 811 1569 ἔνθεν

174 1601 236 1655 fit,
268 1604 311 1642 et
343 1601 516 1653 γίνεται,
550 1601 616 1643 καὶ

175 1674 406 1729 profectus.
440 1674 650 1726 προκοπή.

176 1750 225 1788 ut
257 1761 360 1804 ergo
394 1746 453 1788 ὡς
486 1747 536 1798 δὴ

175 1834 270 1860 meo
303 1818 397 1860 loco
430 1821 492 1873 τῷ
524 1818 613 1872 ἐμῷ
645 1816 767 1871 τόπῳ

175 1890 346 1945 accessi,
379 1892 636 1943 προεῆλθον,

180 1963 282 2018 sedi,
316 1963 499 2017 ἐκάθιεα,

176 2035 338 2091 protuli
359 2049 535 2076 manum
556 2033 764 2089 dextram,
791 2034 1037 2085 προήνεγκα

237 2112 360 2160 χεῖρα
393 2107 550 2162 δεξιάν,

143 2194 157 2219 ⁷,
177 2179 398 2222 sinistram
430 2179 653 2231 ἀριετερὰν

175 2251 389 2308 perpressi
422 2252 651 2294 ὑπέρτειλα

176 2324 229 2366 ad
260 2324 532 2366 uestimenta.
565 2323 674 2375 πρὸς
706 2322 760 2364 τὰ
790 2320 945 2373 ἱμάτια.

177 2399 220 2438 et
252 2396 313 2439 sic
345 2398 412 2439 καὶ
445 2397 583 2439 οὕτω(

177 2469 270 2524 cepi
302 2469 492 2521 ἠρξάμην

176 2541 352 2583 reddere
385 2541 627 2584 ἀποδοῦναι

176 2613 391 2668 quomodo
424 2616 564 2657 καθῶε

176 2700 422 2741 acceperam
455 2685 650 2738 εἰλήφειν

177 2757 413 2799 ediscenda.
447 2757 740 2810 ἀναλήμματα.

176 2843 327 2871 uersus
360 2830 528 2881 ετίχουε

123 2915 138 2939 3
176 2901 230 2943 ad
260 2916 488 2943 numerum
520 2901 629 2953 πρὸς
661 2899 840 2952 ἀριθμὸν

177 2977 220 3015 et
252 2973 506 3016 distinctum
538 2973 606 3014 καὶ
638 2972 810 3023 ετιγμὸν

176 3048 219 3087 et
251 3045 452 3100 casulam,
479 3045 546 3088 καὶ
578 3044 832 3097 ὑποετεγην,

177 3132 274 3159 cum
297 3117 558 3173 aspiratione
582 3116 688 3168 μετὰ
711 3114 1039 3167 προεπνεύεεωε

178 3188 253 3230 ubi
286 3189 532 3245 oportebat:
565 3188 677 3231 ὅπου
712 3188 938 3240 (υνέφερε·

1078 305 1120 343 et
1152 298 1405 342 metafrasin
1437 298 1505 340 καὶ
1537 297 1799 349 μετάφραειν
1958 308 1993 331 4ο

1078 374 1179 414 dum
1212 372 1342 414 reddo
1377 372 1424 413 ἐν
1457 370 1544 425 ὅεῳ
1577 368 1817 420 ἀποδίδωμι

1078 445 1131 486 ad
1180 445 1502 499 praeceptorem
1552 441 1638 483 ὑπὸ
1687 443 1765 482 τοῦ
1814 443 1940 491 καθη-

1137 521 1285 572 γητοῦ,

1079 591 1127 629 ut
1161 591 1203 629 et
1235 602 1387 629 uocem
1417 587 1491 629 ἵνα
1524 586 1592 628 καὶ
1625 586 1778 637 φωνὴν

1078 674 1377 715 praepararem
1411 658 1710 710 ἑτοιμαεοίμην

1078 731 1307 787 propriam.
1341 733 1589 783 ἐγγυτὲραν.
1960 740 1995 765 45

1079 803 1249 859 accessi,
1282 806 1540 858 προεῆλθον,

1079 879 1121 917 et
1153 875 1295 931 posita
1326 877 1394 917 καὶ
1426 874 1701 926 ὑποτεθείεηε

1079 964 1207 990 manu
1241 947 1434 989 tabulam
1466 948 1609 999 χειρὸς
1642 947 1796 987 δέλτον

1079 1020 1243 1061 reddidi
1277 1021 1481 1063 ἀπέδωκα

1079 1092 1286 1134 memoria
1319 1094 1456 1146 μνήμῃ
1962 1100 1996 1125 50

1080 1164 1443 1220 subscriptionem
1475 1163 1737 1214 ὑπογραφὴν

1079 1252 1227 1279 eorum
1260 1236 1334 1278 ubi
1369 1236 1513 1277 αὐτῶν
1546 1234 1658 1276 ὅπου

1080 1324 1262 1366 egeram.
1297 1309 1471 1360 ἔπραξα.

1078 1384 1176 1437 post
1209 1381 1315 1422 haec
1349 1380 1454 1432 μετὰ
1485 1382 1620 1421 ταῦτα

1079 1454 1281 1495 dimissus
1314 1452 1545 1494 ἀπολυθεὶς
1962 1460 1996 1486 55

1079 1526 1251 1568 consedi
1285 1525 1533 1567 (υνεκάθιεα

1079 1614 1172 1640 meo
1206 1598 1312 1639 loco.
1347 1598 1435 1652 ἐμῷ
1467 1597 1600 1651 τόπῳ.

1078 1671 1238 1713 librum
1270 1668 1427 1724 accepi,
1462 1669 1623 1722 βιβλίον
1656 1667 1829 1722 ἔλαβον,

1078 1743 1228 1799 scripsi
1263 1743 1433 1795 ἔγραψα

1078 1815 1304 1858 cotidiana.
1339 1812 1608 1865 καθημερινά.
1961 1822 1996 1847 60

1079 1886 1358 1944 interrogaui,
1391 1886 1652 1939 ἐπερώτηεα,

1078 1964 1120 2002 et
1154 1959 1417 2012 emendatus,
1449 1959 1517 2000 καὶ
1548 1957 1799 2009 διορθωθεὶ(

1077 2033 1163 2089 legi
1198 2033 1425 2083 άνέγνωκα

1077 2105 1308 2147 lectionem
1341 2103 1582 2153 ἀνάγνωειν

1078 2193 1234 2219 meam:
1268 2179 1344 2228 τὴν
1378 2177 1501 2227 ἐμήν·
1960 2184 1994 2209 67»

1078 2265 1206 2304 quam
1239 2247 1346 2290 mihi
1378 2250 1430 2300 ἣν
1464 2247 1557 2299 ἐμοὶ

1078 2321 1277 2377 exposuit
1310 2322 1479 2364 ἐξέθετο

1078 2393 1320 2449 diligenter,
1353 2394 1576 2446 ἐπιμελῶς,

1078 2465 1211 2507 donec
1244 2464 1535 2521 intelligerem
1568 2464 1650 2506 ἕως
1682 2463 1876 2514 νοήεαιμι

1078 2541 1120 2579 et
1152 2552 1369 2592 personaS,
1402 2538 1469 2579 καὶ
1502 2535 1724 2589 πρόςωπα,
1961 2546 1996 2570 70

1079 2613 1121 2651 et
1154 2624 1339 2664 sensum,
1372 2610 1439 2651 καὶ
1472 2608 1668 2650 διάνοιαν

1077 2682 1310 2723 uerborum
1343 2680 1545 2733 ῥημάτων

1077 2753 1259 2796 autoris:
1292 2757 1370 2795 τοῦ
1403 2754 1600 2804 ποιητοῦ·

1077 2825 1229 2867 deinde
1262 2825 1315 2866 ab
1350 2824 1442 2867 εἶτα
1474 2823 1561 2866 ἀπὸ

1077 2898 1200 2940 oculo
1228 2896 1395 2939 citatim
1421 2895 1622 2952 ignotum
1649 2897 1691 2936 et
1712 2893 1827 2950 quod
1847 2908 1940 2936 rare
1962 2911 1994 2937 75

1136 2969 1309 3026 legitur.
1362 2971 1440 3010 τοῦ
1494 2967 1724 3020 ὀφθαλμοῦ
1772 2967 1938 3018 ταχέως

1137 3041 1336 3092 ἄγνωτον
1365 3041 1433 3082 καὶ
1459 3040 1483 3082 ὃ
1512 3039 1699 3082 επανίωε
1725 3038 1936 3089 ἀναγινώ-

1138 3127 1288 3155 (κεται.

1077 3185 1183 3227 haec
1216 3187 1311 3226 acta
1343 3186 1444 3226 sunt
1476 3186 1610 3226 ταῦτα
1643 3183 1834 3236 ἐπράχθη
