2164 3470
891 172 1162 208 PRAEFATIO
1816 173 1897 208 XIII

151 282 288 325 doctis
321 282 671 325 adnotationibus
701 281 922 323 subiectis:
954 282 1065 324 hanc
1092 281 1324 323 editionem
1352 281 1489 323 denuo
1516 297 1613 323 cum
1640 282 1732 337 ipso
1760 283 1902 323 codice

152 353 334 395 contulit
368 354 805 405 Gundermannus,
839 368 863 394 a
895 369 978 408 qua
1010 353 1238 395 collatione
1271 368 1365 394 mea
1397 353 1553 408 pendet
1586 353 1727 394 editio.

271 425 519 466 Tractatum
547 423 618 477 qui
641 426 705 464 est
727 423 776 464 de
798 425 1291 466 manumissionibus
1312 424 1441 466 etiam
1461 424 1615 465 codex
1636 424 1903 465 Leidensis

153 496 407 552 Scaligeri
435 497 487 537 61
518 494 709 536 continet
736 494 781 535 in
806 494 877 535 fol.
907 497 1113 538 SJZY—Ubs
1145 512 1193 537 ac
1219 511 1305 537 non
1331 496 1457 537 modo
1486 510 1578 536 eam
1603 498 1769 550 partem
1796 511 1902 550 quae

153 570 218 609 est
257 567 302 608 in
341 566 483 608 codice
516 565 710 607 Parisino
750 564 809 621 (p.
840 567 941 620 102,
969 567 1162 621 8—103,
1190 566 1253 624 7),
1291 567 1365 609 sed
1404 566 1533 608 etiam
1571 566 1735 622 reliqua
1770 582 1903 622 usque

152 638 205 678 ad
247 638 394 692 finem,
433 652 541 692 quae
581 636 669 678 illic
707 636 1016 678 interciderunt
1051 640 1107 692 (p.
1145 639 1245 692 103,
1279 639 1471 693 8—108,
1497 636 1556 694 4).
1620 637 1681 680 Cf.
1715 653 1821 693 quae
1855 639 1905 679 de

152 709 234 750 hoc
275 709 418 751 codice
457 708 545 750 dixi
583 708 664 749 vol.
697 706 737 748 H
774 708 904 762 praef.
944 724 982 763 p.
1016 708 1128 750 XVI.
1191 708 1418 764 Inscriptio
1458 710 1562 751 haec
1601 713 1685 751 est:
1730 710 1907 752 ‘Veteris

153 782 368 823 cuiusdam
386 781 495 823 iuris
514 780 694 821 auctoris
710 779 1017 832 fraymentum?
1051 778 1257 835 Scaligeri
1282 782 1528 836 apographo
1550 781 1635 822 iam
1649 781 1907 823 Roeverus

153 852 312 907 passim
339 852 384 893 in
412 850 598 893 editione
626 865 702 891 sua
728 864 831 891 usus
858 852 935 903 est,
961 850 1098 891 multo
1125 852 1270 891 tamen
1296 851 1370 892 illo
1397 853 1635 893 accuratius
1658 853 1906 894 Boeckin-

154 923 290 980 gius,
322 938 346 964 a
378 937 462 978 quo
495 922 682 977 pendent
714 920 973 962 recentiores
1006 921 1086 962 viri
1114 921 1239 963 docti.
1291 921 1463 964 Novum
1489 924 1767 979 apographon
1795 925 1907 979 quod

155 1009 235 1051 ego
269 994 445 1036 adhibui
479 993 663 1035 confecit
696 992 1132 1035 Gundermannus.

162 1075 166 1077 “
273 1066 408 1108 Error
447 1068 511 1106 est
543 1064 852 1120 Boeckingii
892 1064 949 1121 (p.
983 1064 1147 1121 XXIV)
1180 1064 1247 1106 eex
1280 1051 1368 1107 cod.
1403 1064 1507 1106 Scal.
1542 1066 1693 1107 Latine
1727 1066 1816 1108 sine
1850 1066 1907 1107 in-

156 1136 404 1192 scriptione'
445 1136 622 1178 Petrum
663 1135 893 1178 Pithoeum
938 1137 1019 1178 hoc
1063 1137 1356 1193 fragmentum
1399 1137 1452 1177 ad
1497 1137 1654 1178 calcem
1699 1138 1908 1194 fragmen-

155 1211 300 1250 torum
325 1207 618 1263 Papiniani,
643 1206 789 1248 Pauli
813 1210 890 1248 etc.
913 1207 1130 1265 (Lutetiae
1163 1224 1214 1249 ex
1248 1208 1315 1249 off.
1343 1208 1450 1249 Rob.
1478 1207 1684 1264 Stephani
1711 1225 1745 1251 a.
1776 1208 1910 1264 1575)

156 1295 195 1335 p.
225 1280 459 1322 113—115
491 1278 691 1320 edidisse:
730 1293 858 1334 quem
890 1278 1097 1336 Scaligeri
1136 1279 1247 1321 libro
1286 1295 1412 1321 usum
1448 1295 1539 1322 esse
1571 1296 1709 1336 neque
1742 1281 1910 1322 demon-

158 1351 284 1393 strari
304 1353 448 1406 potest
467 1365 605 1405 neque
625 1350 849 1407 probabile
870 1350 1049 1392 Videtur.
1083 1351 1235 1406 Neque
1258 1350 1340 1393 sibi
1362 1354 1530 1392 constat
1550 1352 1912 1409 Boeckingius,

157 1422 231 1477 qui
271 1423 443 1478 quidem
480 1439 519 1478 p.
552 1421 676 1464 XXII
718 1421 891 1464 dixerit:
937 1422 1060 1464 ‘Mihi
1104 1422 1299 1478 persuasi
1336 1423 1417 1464 hoc
1456 1422 1776 1480 Scaliger-anum
1816 1439 1911 1479 apo-

159 1494 374 1550 graphum
419 1497 493 1536 aut
538 1508 589 1535 ex
635 1493 784 1534 eodem
829 1493 991 1549 codice,
1037 1510 1089 1536 ex
1133 1510 1217 1550 quo
1257 1493 1402 1536 Claud.
1444 1494 1623 1536 Puteani
1671 1496 1911 1550 exemplum

157 1564 294 1623 (quod
337 1566 544 1608 Pithoeus
588 1564 740 1607 Latine
786 1564 937 1621 edidit3
982 1566 1032 1607 cf.
1076 1566 1150 1607 inf.
1195 1582 1234 1621 p.
1273 1563 1438 1621 XXIV)
1482 1569 1556 1607 aut
1600 1582 1651 1609 ex
1694 1568 1775 1609 hoc
1820 1568 1912 1622 ipso

157 1637 352 1679 Puteano
385 1637 580 1693 exemplo
608 1636 915 1692 transcriptum
942 1638 1060 1678 esse’.
1112 1636 1238 1679 Certe
1264 1636 1512 1679 Pithoeus
1539 1637 1706 1680 Claudii
1732 1638 1912 1680 Puteani

159 1709 404 1764 exemplum
450 1712 621 1751 secutus
666 1711 750 1763 est,
795 1711 843 1749 ut
888 1708 979 1763 ipse
1024 1709 1128 1751 dicit
1169 1709 1213 1751 in
1251 1709 1335 1750 fine
1374 1711 1599 1752 tractatus:
1645 1711 1812 1752 ‘Visum
1851 1714 1915 1752 est

160 1780 293 1822 etiam
322 1780 516 1822 Puteano
555 1782 704 1821 nostro
744 1779 815 1820 hic
852 1779 1033 1822 adiicere
1071 1782 1364 1836 fragmentum
1401 1780 1508 1822 illud
1545 1781 1747 1823 Latinum
1784 1782 1914 1824 toties

161 1867 185 1893 a
230 1867 298 1893 me
342 1851 582 1907 laudatum,
627 1851 740 1906 quod
786 1850 1017 1893 Graeculus
1061 1851 1268 1908 magister
1306 1851 1483 1894 Omeliis
1529 1853 1616 1895 suis
1657 1856 1700 1895 et
1737 1868 1913 1910 graecae

160 1923 336 1980 linguae
375 1922 756 1965 exercitationibus
794 1922 907 1964 inter
945 1923 1028 1964 alia
1060 1923 1267 1978 quaedam
1301 1938 1352 1964 ex
1384 1923 1481 1964 aliis
1512 1925 1760 1967 auctoribus
1792 1925 1916 1966 initia

165 1995 377 2037 librorum
416 1995 666 2036 inseruerat.
731 1993 934 2035 Graecam
974 1994 1104 2036 etiam
1141 1994 1541 2049 interpretationem
1580 1996 1786 2051 siquando
1820 1996 1914 2038 usui

163 2081 255 2109 esse
293 2068 459 2122 posset,
498 2065 627 2107 certis
665 2067 835 2106 tantum
872 2065 983 2107 locis*
1016 2066 1062 2107 in
1100 2066 1294 2122 margine
1332 2067 1485 2108 addere
1523 2067 1651 2110 libuit
1689 2069 1793 2110 satis
1826 2084 1915 2124 per-

164 2137 302 2180 suasis
334 2137 439 2179 haec
470 2137 616 2192 potius
649 2152 701 2178 ex
732 2136 898 2178 Latinis
931 2137 1091 2180 Graeca
1123 2139 1255 2180 facta:
1293 2153 1551 2194 quamquam
1583 2143 1684 2181 sunt
1716 2143 1758 2182 et
1792 2155 1915 2195 quae-

163 2209 262 2251 dam
312 2224 420 2264 quae
466 2208 760 2251 Graecismum
810 2208 949 2264 magis
998 2210 1156 2252 referre
1201 2210 1437 2252 videantur.
1506 2211 1639 2253 Porro
1684 2211 1807 2253 facile
1853 2214 1917 2253 est

165 2280 481 2336 deprehendere
531 2279 668 2321 multa
716 2279 770 2320 ab
821 2279 914 2334 ipso
966 2280 1218 2336 interprete,
1268 2281 1392 2336 plura
1441 2282 1622 2325 fortasse
1673 2299 1696 2324 a
1740 2283 1916 2324 librario

165 2353 341 2408 omissa,
379 2366 562 2407 quorum
599 2366 679 2393 nos
717 2365 899 2392 vacuum
935 2351 1078 2394 locum
1119 2352 1270 2394 notula
1308 2352 1494 2395 indicare
1533 2354 1638 2396 satis
1676 2354 1917 2408 habuimus,

166 2424 331 2465 interea
368 2423 469 2464 dum
507 2437 559 2464 ex
596 2422 740 2478 aliquo
779 2422 1014 2478 integriore
1052 2424 1284 2480 exemplari
1323 2439 1372 2465 ea
1412 2424 1575 2467 iactura
1614 2425 1835 2467 sarciatur’
1876 2428 1919 2467 et

167 2491 350 2537 in'fine:
390 2493 626 2536 ‘Hactenus
661 2496 784 2536 vetus
820 2494 1047 2550 exemplar.
1110 2495 1226 2545 Quae
1265 2497 1555 2551 sequebantur
1587 2497 1762 2539 alterius
1793 2498 1918 2552 plane

168 2568 290 2608 erant
316 2562 498 2621 generis,
523 2579 602 2606 nec
628 2565 682 2606 ad
707 2564 774 2607 ius
800 2565 878 2608 Ro.
905 2565 1134 2621 quicquam
1159 2567 1460 2623 pe1·tinebant.⁷
1510 2568 1560 2610 In
1584 2569 1755 2611 Pithoei
1785 2568 1919 2625 igitur

168 2636 356 2680 editione
401 2636 492 2678 sola
536 2636 666 2678 verba
709 2636 845 2678 latina
889 2637 1164 2694 exhibentur,
1209 2634 1260 2681 ex
1304 2654 1457 2696 graeca
1500 2640 1695 2682 versione
1739 2640 1919 2695 paucula

169 2707 378 2764 quaedam
409 2707 679 2763 marginibus
711 2707 877 2750 adiecta
908 2712 1009 2751 sunt
1041 2710 1211 2753 omissis
1237 2710 1426 2766 reliquis.
1476 2711 1569 2753 Hac
1596 2712 1781 2754 editione
1807 2712 1919 2767 prin-

171 2780 263 2836 cipe
298 2779 462 2835 primus
495 2782 704 2835 quantum
735 2779 823 2822 scio
855 2783 1051 2823 accurate
1084 2796 1186 2824 usus
1218 2784 1283 2824 est
1315 2781 1611 2838 Kruegerus
1643 2783 1689 2825 in
1722 2783 1919 2838 editione,

171 2852 262 2908 ipse
294 2851 452 2893 iterum
483 2851 650 2907 inspexi
677 2851 872 2894 adhibito
900 2853 1131 2908 exemplari
1157 2853 1495 2896 Berolinensi.
1545 2853 1595 2896 In
1620 2855 1761 2910 priore
1787 2857 1920 2910 parte,

173 2923 320 2966 eadem
359 2937 487 2978 quam
525 2923 655 2965 etiam
686 2923 907 2965 Parisinus
940 2924 1133 2980 exhibet,
1171 2940 1241 2967 eas
1276 2928 1446 2967 tantum
1477 2926 1682 2968 lectiones
1716 2925 1919 2981 adscripsi

174 3009 281 3050 quae
314 2993 538 3036 discedunt
569 2994 623 3036 ab
657 2995 889 3050 exemplari
922 2994 1264 3052 Scaligerano.
1292 3021 1347 3026 ——
1374 2995 1465 3038 Iam
1489 3011 1589 3038 vero
1616 2997 1920 3052 quaerentibus

112 3093 116 3096 <
173 3065 300 3108 nobis
348 3079 458 3121 quae
501 3065 610 3107 ratio
655 3066 892 3109 intercedat
933 3067 1047 3109 inter
1091 3067 1343 3124 Scaligeri
1387 3069 1683 3125 apographum
1729 3071 1770 3109 et
1814 3067 1919 3108 illud

176 3137 391 3199 Puteani
430 3137 662 3192 exemplar,
706 3139 894 3193 primum
931 3138 1147 3180 artissimo
1186 3139 1357 3181 vinculo
1396 3139 1604 3181 contineri
1643 3139 1768 3180 ambo
1808 3138 1920 3179 inter
