2245 3495
732 147 1151 183 HERMENEVMATA
1175 148 1521 184 EINSIDLENSIA

249 259 299 300 τὸ
348 260 525 315 βρέγμα,
557 260 607 302 τὸ
652 260 1000 311 ὀπιςθοκέφαλον
1047 274 1111 300 oc-

309 330 428 385 ciput

247 405 298 446 τὸ
330 404 564 455 ἡμίκρανον
597 402 786 457 sinciput

248 476 272 517 ὁ
306 477 443 529 αὐχήν
476 474 635 516 cossum

248 548 272 590 ὁ
305 549 547 600 ἐγκέφαλος
580 545 804 586 cerebrum

210 636 226 661 5
247 620 270 662 ὁ
303 620 412 671 ὑμήν
443 617 743 659 membranum

244 693 268 743 ἡ
303 692 391 743 θρίξ
425 689 606 745 capillus

243 766 268 815 ἡ
303 763 408 815 κόμη
443 777 564 804 coma

242 837 266 887 ἡ
301 835 519 889 οὐλόθριΞ,
552 836 576 876 ὸ
609 835 739 877 οὖλος
773 835 938 890 crispus

243 908 283 950 οἱ
317 907 528 958 πλόκαμοι
562 906 712 948 crines„

189 996 222 1020 10
243 980 283 1022 οἱ
319 979 542 1031 βόςτρυχοι
576 978 763 1020 cincinni

97 1053 219 1101 [187¹]
241 1052 265 1094 ὁ
299 1051 461 1104 μαλλός
497 1050 633 1092 cirrus

240 1125 264 1175 ἡ
299 1123 430 1166 πολιά
463 1122 643 1164 canities

239 1198 263 1249 ἡ
297 1196 397 1248 ὄψις
430 1195 562 1236 facies

237 1270 262 1320 ἡ
297 1268 507 1319 πρόςοψις
540 1270 738 1322 aspectus

187 1356 218 1381 15
239 1342 289 1383 τὸ
323 1340 437 1382 εἶδος
471 1339 653 1395 Species,
688 1338 853 1393 uultus,
887 1339 1073 1394 qualitas

236 1414 286 1455 τὸ
319 1414 522 1464 μέτωπον
555 1411 674 1452 frons

236 1488 260 1537 ἡ
295 1485 409 1537 ῥυτίς
442 1498 550 1539 ruga
583 1483 740 1525 frontis

236 1558 429 1609 ῥυτώδης
463 1571 647 1612 rugosus·

236 1631 276 1672 οἱ
309 1629 527 1682 ὀφθαλμοί
560 1627 671 1669 oculi

235 1704 259 1754 ἡ
294 1703 397 1754 κόρη
429 1700 595 1757 pupilla

234 1775 286 1816 τὰ
319 1774 487 1825 ὄμματα
520 1772 683 1813 lumina

235 1846 275 1888 οἱ
313 1845 462 1887 κανθοί
495 1844 643 1900 anguli
679 1843 920 1898 oculorum,
954 1843 1117 1898 hirqui-

234 1919 287 1960 τὰ
318 1917 480 1969 δάκρυα
512 1916 713 1958 lacrimae
796 1965 799 1969 Ι

233 1990 286 2032 τὰ
320 1990 515 2042 βλέφαρα
548 1989 779 2044 palpebrae

232 2062 258 2113 ἡ
291 2060 430 2113 ὀφρύς
463 2060 610 2102 cilium

232 2135 282 2175 τὸ
316 2133 562 2186 μεςόφρυον
594 2132 856 2174 intercilium

233 2207 282 2248 τὸ
316 2207 560 2248 ἑπιςκύνιον
594 2205 872 2260 supercilium

233 2278 273 2320 οἱ
306 2277 518 2330 κρόταφοι
551 2281 747 2333 tempora

233 2350 285 2391 τὰ
318 2349 408 2392 ὦτα
439 2351 508 2392 καὶ
540 2349 645 2392 ὠτία
678 2365 802 2391 aures

179 2422 258 2473 3οὴ
293 2421 398 2474 ἀκοή
433 2421 623 2476 auditus,
656 2422 772 2463 auris

233 2494 257 2535 ὁ
291 2496 448 2546 μυκτήρ
480 2509 610 2535 nasus

234 2567 258 2617 ἡ
293 2566 358 2617 ῥίν
391 2565 508 2607 naris

87 2644 213 2692 [18711]
235 2638 258 2679 ὁ
292 2638 446 2689 μύςταξ
479 2638 594 2692 quod
627 2637 738 2679 infra
770 2653 895 2678 nares

230 2710 255 2761 ἡ
278 2710 385 2761 μύξα
400 2724 560 2764 mucca‚
579 2713 915 2766 purgamentum
926 2708 1095 2750 narium

176 2791 211 2817 35
232 2781 256 2823 ὁ
290 2782 432 2833 μύξων
465 2796 690 2824 muccosus

230 2855 255 2905 ἡ
289 2856 401 2907 πνοή
435 2854 583 2910 flatus,
616 2853 812 2909 spiritus,
846 2853 1026 2909 spiratio

231 2926 256 2978 ἡ
290 2925 492 2979 ὄςφρηςις
526 2926 710 2968 olfactus

182 1718 215 1742 20

180 2080 214 2105 25

1926 151 2011 192 247

1150 260 1200 302 τὸ
1234 259 1367 312 ςτόμα
1402 274 1450 301 os

1149 333 1200 374 τὸ
1233 332 1504 384 περιςτόμιον
1537 331 1672 372 rictus

1149 405 1203 446 τὰ
1235 405 1353 456 χείλη
1386 403 1509 445 labra

1149 477 1202 517 τὰ
1235 477 1345 528 μύλα
1377 475 1491 517 mala

1148 549 1172 599 ἡ
1208 548 1367 597 ςιαγών
1398 546 1575 588 maxilla

1151 621 1175 671 ἡ
1209 619 1369 669 γνάθος
1403 619 1553 673 bucca,
1586 618 1763 660 maxilla

1149 692 1189 734 οἱ
1222 691 1399 733 ὀδόντες
1434 691 1584 732 dentes

2033 418 2068 441 40

1148 764 1188 805 οἱ
1221 767 1364 815 τομεῑς
1396 762 1589 817 primarii
1624 763 1774 804 (lentes
2030 776 2065 799 45

1145 837 1186 878 οἱ
1218 835 1477 877 κυνόδοντες
1510 834 1650 875 canini
1686 835 1835 876 (lentes

1145 909 1185 950 οἱ
1229 907 1426 961 γομφίοι,
1471 908 1494 948 ὁ
1533 906 1722 961 γόμφος,
1761 908 1784 948 ὁ
1817 911 2010 957 γονιαῑος

1205 979 1390 1021 molares

1144 1054 1186 1094 αἱ
1222 1056 1334 1106 βυαι,
1366 1052 1409 1093 αἱ
1442 1051 1565 1092 οὖλαι
1599 1050 1804 1106 gingiuae

1145 1126 1169 1167 ὁ
1203 1125 1452 1177 οὐρανίςκος
1484 1123 1679 1178 palatum

1144 1199 1168 1249 ἡ
1203 1199 1397 1249 ςταφυλή
1433 1211 1516 1237 uua
2029 1209 2063 1230 50

1144 1270 1167 1319 ἡ
1202 1270 1370 1318 γλῶςςα
1403 1267 1553 1324 lingua

1142 1342 1166 1391 ἡ
1202 1339 1466 1390 ὑπογλωςςίς
1499 1339 1731 1394 sublingua

1142 1413 1165 1453 ὁ
1199 1412 1337 1454 ςῐελος
1371 1411 1508 1452 saliua

1141 1486 1190 1526 τὸ
1225 1485 1390 1535 πτύςμα
1424 1487 1599 1539 sputum

1141 1559 1164 1608 ἡ
1199 1557 1421 1609 φάρυγγες
1457 1558 1601 1597 fauces

1140 1630 1192 1670 τὰ
1225 1629 1452 1680 παρίςθμια
1486 1628 1685 1669 tonsillae

1139 1704 1163 1742 ὸ
1198 1701 1355 1752 λάρυγξ
1389 1700 1594 1756 gurgulio

1138 1775 1161 1824 ἡ
1196 1773 1374 1825 ἀρτηρία
1407 1772 1565 1814 arteria

2034 1344 2151 1392 [issq

1139 1846 1181 1886 αἱ
1215 1845 1385 1896 παρειαί
1421 1859 1557 1899 genae

1137 1918 1189 1959 τὰ
1222 1920 1334 1969 μῆλα
1367 1916 1480 1958 mala
2022 1936 2057 1959 00

1138 1991 1187 2031 τὸ
1220 1992 1389 2039 γένειον
1426 1988 1570 2042 barba,
1605 1986 1797 2029 mentum

1194 2062 1414 2114 ἀνθερεών
1448 2061 1726 2102 submentum

1195 2138 1345 2187 χνοῦς,
1378 2134 1402 2175 ὸ
1437 2133 1596 2184 λάχνος
1630 2132 1790 2187 lanugo

1195 2208 1395 2258 λαχνήεις
1427 2204 1712 2261 lanuginosus

1194 2280 1320 2329 γένυς
1354 2280 1507 2334 guttur
2020 2296 2055 2320 οἵ)

1196 2351 1379 2404 βρόχθος
1412 2353 1577 2405 guttur,
1610 2349 1712 2405 gula

1195 2423 1343 2474 λαιμός
1376 2422 1477 2478 gula

1194 2497 1336 2547 ςφαγή
1370 2493 1566 2550 iugulum

1194 2567 1310 2619 ὦμος
1342 2566 1549 2607 humerus

1193 2638 1427 2689 ὠμοπλάτη
1462 2653 1607 2679 armus

1134 2713 1183 2754 τὸ
1216 2714 1359 2754 νῶτον
1393 2710 1568 2751 dorsum

1133 2784 1175 2826 αἱ
1206 2783 1439 2835 Ξυνωμίδες
1473 2782 1671 2837 scapulae

1132 2857 1181 2899 τὸ
1215 2854 1488 2907 μετάφρενον
1521 2853 1859 2910 interscapulum

1131 2930 1155 2980 ἡ
1190 2928 1310 2980 ῥάχις
1344 2926 1467 2981 spina
1499 2926 1689 2968 hominis

1136 2641 1159 2681 0*
1136 2570 1160 2609 0*
1135 2498 1159 2547 ΞΥ
1137 2425 1160 2465 0·’
1137 2353 1160 2393 0*
1137 2282 1160 2321 0*
1137 2208 1160 2249 0*
1137 2136 1161 2176 ΦΑ
1137 2066 1160 2104 0-

2019 2658 2052 2681 70

2014 2866 2138 2913 [188⁰]

355 3097 385 3127 1.
413 3093 550 3136 βλὲγμα
575 3093 651 3128 cod.
671 3093 683 3137 ΙΙ
706 3096 759 3127 17.
790 3105 885 3137 ριπις
910 3095 985 3129 cod.
1006 3096 1019 3139 11
1041 3097 1094 3129 18.
1121 3095 1288 3138 ριπώδης
1313 3094 1389 3128 cod.
1410 3094 1422 3137 ΙΙ
1441 3095 1498 3128 48.
1525 3093 1581 3128 ita
1604 3094 1716 3129 coclea)
1735 3095 1746 3139 ΙΙ
1767 3097 1823 3128 54.
1850 3096 1994 3136 πλυςμα

230 3152 305 3187 cod.
326 3153 414 3196 1159.
441 3151 585 3196 ταρειαί
611 3152 687 3187 cod.
717 3152 728 3196 ΙΙ
757 3156 814 3187 63.
841 3155 1004 3198 λαγχμός
1029 3154 1105 3190 cod.
1125 3156 1138 3199 u
1158 3157 1214 3188 66.
1243 3154 1376 3197 βρόχος
1401 3153 1478 3190 cod.
1499 3155 1512 3198 ΙΙ
1533 3157 1588 3189 70.
1616 3154 1841 3198 ὠμοπλάτης
1866 3153 1942 3188 cod.
1963 3154 1976 3197 ΙΙ
