2164 3470
211 198 372 234 XXVIII
962 195 1237 231 PRAEFATIO

222 307 348 364 libro,
374 307 647 350 vocabulario
675 308 727 349 ad
754 307 945 349 ordinem
966 306 1210 348 litterarum
1231 305 1412 361 digestO,
1438 303 1739 360 ludimagister
1759 303 1829 346 uel
1848 304 1976 346 libra-

223 380 312 422 rius
346 380 519 435 quidam
551 379 710 420 multas
742 379 907 434 glossas
940 377 1142 431 inseruit,
1175 392 1280 432 quas
1313 391 1364 418 ex
1397 375 1588 418 eiusdem
1619 375 1976 432 Interpretamen-

180 453 184 456 ”
218 455 362 493 torum
383 451 645 493 recensionis
665 450 776 491 libro
800 449 934 490 altero
959 451 1001 490 et
1021 448 1164 503 tertio,
1178 447 1245 489 i.e.
1262 462 1284 489 e
1303 447 1577 490 vocabulario
1599 447 1727 489 certis
1744 446 1976 503 generibus

219 523 452 564 distributo
493 526 535 563 et
574 537 595 563 6
635 521 861 576 colloquiis
902 520 1096 576 sumpsit.
1158 519 1269 561 liber
1307 519 1416 561 alter
1453 519 1582 561 huius
1619 518 1881 561 recensionis
1919 518 1973 559 ab

218 594 418 635 omnibus
462 608 566 648 quas
610 608 690 634 nos
733 592 1003 648 possidemus
1042 590 1364 633 recensionibus
1404 590 1597 632 diversus
1635 590 1735 646 fuit,
1779 589 1975 645 proxime

218 669 361 707 autem
401 665 578 706 accessit
617 664 670 705 ad
708 679 838 705 unam
877 679 898 705 e
936 663 1102 705 duabus
1133 662 1455 705 recensionibus
1488 661 1802 718 Stephanianis.
1864 661 1977 703 liber

216 737 371 778 tertius
399 737 588 778 eiusdem
615 735 877 778 recensionis
904 735 1082 776 eandem
1109 734 1313 789 colloquii
1338 733 1609 776 Monacensis
1635 733 1976 790 recognitionem

217 808 505 863 antiquiorem
538 812 580 850 et
606 808 829 850 meliorem
856 806 1071 849 continuit
1097 821 1204 862 quae
1230 806 1358 848 nobis
1384 806 1429 847 in
1455 805 1558 848 solis
1585 805 1804 848 codicibus
1830 804 1975 846 Mona-

218 880 420 922 censibus
452 881 611 922 tradita
644 880 737 921 est.5

338 954 363 1004 ξ
397 953 462 994 12.
520 951 792 1008 Singularem
835 951 978 992 locum
1022 950 1437 992 hermeneumata
1473 949 1726 991 Vaticana
1765 948 1976 1004 obtinent,

219 1023 335 1064 edita
367 1038 419 1064 ex
451 1023 625 1065 codice
657 1023 909 1065 Vaticano
943 1023 1059 1065 6925
1102 1021 1257 1063 saeculi
1289 1021 1339 1062 X.
1405 1020 1547 1063 Codex
1579 1020 1879 1062 miscellaneus
1912 1022 1978 1062 est

220 1097 263 1136 et
294 1109 345 1136 ex
371 1095 588 1136 variorum
613 1094 824 1136 librorum
850 1093 1074 1149 particulis
1099 1092 1373 1148 compositus.
1426 1092 1602 1135 Glossae
1629 1092 1673 1134 in
1698 1092 1771 1134 fol.
1800 1092 1975 1134 67—78

217 1168 407 1221 exstant3
451 1166 497 1208 in
539 1167 611 1208 fol.
646 1168 718 1208 67¹·
762 1166 807 1207 in
849 1165 1043 1221 margine
1083 1164 1302 1220 superiore
1340 1164 1518 1221 legitur:
1563 1165 1803 1217 Chhz'ffletz'i.
1864 1163 1978 1219 Apo-

218 1238 383 1293 grapho
417 1253 520 1285 usus
553 1253 647 1280 sum
674 1236 961 1279 Christiani
988 1236 1237 1291 Huelsen3
1268 1236 1467 1292 plagulas
1500 1251 1596 1278 cum
1623 1236 1716 1292 ipso
1745 1225 1978 1291 exemplari

218 1309 356 1351 denuo
393 1309 576 1351 contulit
610 1309 1042 1352 Gundermannus.
1107 1307 1308 1349 Ceterum
1340 1308 1571 1350 earundem
1603 1308 1845 1365 glossarum
1878 1322 1975 1362 apo-

216 1381 413 1437 graphon
452 1381 643 1423 continet
682 1381 770 1423 cod.
803 1379 1073 1422 Leidensis
1107 1379 1464 1422 Gronovianus
1494 1382 1588 1422 114.
1652 1379 1815 1422 Notas
1847 1378 1972 1421 tiro-

215 1452 396 1494 nianas
429 1452 558 1494 solvit
590 1452 697 1493 mihi
732 1451 1018 1494 Guilelmus
1050 1450 1284 1493 Schmitz.

340 1525 365 1575 §
395 1525 459 1566 13.
493 1523 870 1565 Hermeneumatis
895 1523 1118 1565 Vaticanis
1151 1523 1312 1565 subieci
1346 1523 1548 1579 glossas
1575 1521 1841 1578 Stephani,
1874 1537 1980 1577 quas

222 1595 295 1636 ille
327 1595 353 1636 l.
382 1611 411 1637 s.
441 1611 469 1636 s.
503 1611 541 1650 p.
570 1596 804 1637 305—359
846 1595 1053 1636 exhibuit.
1116 1594 1166 1636 In
1197 1594 1463 1650 praefatione
1496 1597 1596 1650 post
1629 1609 1677 1636 ea
1710 1609 1818 1650 quae
1851 1608 1981 1648 supra

223 1666 350 1708 attuli
394 1667 499 1708 haec
539 1669 655 1708 sunt:
700 1666 831 1708 ‘hisce
872 1665 1094 1707 uocabulis
1133 1665 1274 1707 uarias
1313 1680 1440 1707 uoces
1479 1665 1661 1721 attexui,
1706 1680 1758 1707 ex
1797 1665 1980 1708 diuersis

223 1739 540 1793 exemplaribus
573 1738 791 1780 collectas:
824 1737 898 1778 sed
931 1752 1063 1791 quum
1096 1737 1155 1778 ibi
1185 1736 1331 1778 nullus
1358 1739 1501 1778 certus
1529 1737 1631 1778 ordo
1659 1739 1865 1792 seruetur,
1898 1751 1979 1793 ego

222 1809 541 1863 alphabeticum
586 1810 767 1851 seruaui.
832 1808 923 1858 Qua
970 1809 1015 1850 in
1059 1823 1103 1849 re
1148 1808 1259 1849 nihil
1297 1808 1521 1849 autoritati
1560 1807 1735 1849 illorum
1774 1808 1980 1865 derogaui

220 1883 263 1921 et
301 1880 511 1922 lectorum
549 1881 729 1923 utilitati
769 1880 992 1922 consului'
1055 1880 1248 1922 Vtilitati
1286 1878 1551 1922 consuluisse
1590 1878 1857 1934 Stephanum
1892 1894 1981 1922 non

223 1966 355 2007 nego3
382 1953 628 1994 auctoritati
655 1956 800 1994 tamen
819 1955 1049 2008 propterea
1069 1951 1291 2007 derogavit
1312 1951 1509 2006 multum,
1536 1950 1651 2005 quod
1671 1949 1818 2005 quales
1837 1950 1981 1993 fontes

226 2023 387 2065 fuerint
414 2024 491 2065 hac
520 2024 685 2065 ratione
712 2024 913 2065 instituta
940 2022 1182 2064 occultavit.
1232 2021 1382 2077 Itaque
1408 2021 1707 2078 percommode
1735 2021 1900 2077 accidit,
1933 2025 1982 2064 ut

223 2094 409 2136 Petrus
447 2095 630 2137 Daniel
668 2095 884 2137 Loiselii
923 2097 1147 2136 veterem
1186 2093 1412 2135 codicem
1451 2095 1712 2148 excerperet3
1750 2107 1851 2134 nam
1892 2093 1980 2136 illis

227 2166 384 2221 glossis
417 2166 483 2207 usi
516 2166 674 2207 rectius
707 2167 756 2207 de
790 2165 997 2221 Stephani
1029 2165 1246 2222 farragine
1279 2165 1467 2207 iudicare
1499 2164 1748 2220 poterimus.

349 2236 490 2279 Codex
535 2237 670 2293 igitur
708 2237 986 2279 Ber-nensis
1030 2237 1280 2279 chartaceus
1319 2236 1476 2279 saeculi
1507 2235 1626 2291 XVI,
1672 2235 1722 2277 de
1760 2251 1845 2291 quo
1884 2251 1980 2279 con-

226 2310 389 2350 feratur
414 2308 585 2364 Hageni
612 2309 846 2365 catalogus,
871 2309 966 2351 loco
993 2308 1219 2351 tricesimo
1237 2309 1341 2351 folia
1368 2308 1533 2363 aliquot
1559 2307 1764 2362 continet,
1796 2322 1979 2362 quorum

223 2394 297 2420 sex
340 2379 483 2434 priora
521 2381 629 2422 hanc
667 2381 829 2422 habent
868 2381 1211 2436 inscriptionem:
1256 2381 1345 2423 ‘Ex
1382 2379 1547 2421 veteri
1585 2379 1754 2420 lexico
1792 2378 1978 2421 latino-

224 2466 405 2507 graeco
439 2451 550 2493 Ant.
577 2452 822 2494 Loiselii’.
873 2452 1131 2506 Excerpta
1162 2452 1299 2508 igitur
1330 2452 1435 2493 haec
1469 2454 1568 2493 sunt
1601 2453 1644 2492 et
1677 2450 1836 2505 scripta
1867 2465 1978 2492 anno

229 2524 358 2575 1564,
404 2526 451 2563 111
490 2523 748 2578 subscriptio
788 2524 928 2579 docet,
968 2538 1096 2564 manu
1134 2523 1279 2564 Petri
1317 2522 1561 2565 Danielis.
1624 2521 1742 2563 Haec
1781 2524 1980 2576 excerpta

224 2608 311 2634 non
344 2593 533 2634 eiusdem
565 2594 736 2649 generis
768 2598 867 2636 sunt
900 2594 1059 2636 omnia:
1092 2609 1191 2649 pars
1224 2594 1338 2636 enim
1369 2593 1494 2635 fluxit
1527 2608 1578 2634 ex
1606 2593 1745 2648 primo
1774 2595 1816 2634 et
1843 2593 1979 2634 altero

228 2664 441 2718 colloquio
476 2664 742 2720 Stephani,
774 2666 874 2720 474,
902 2667 926 2707 ⁴2
951 2687 1003 2698 Ξ
1027 2666 1125 2719 376,
1153 2666 1226 2719 61,
1265 2666 1365 2720 474,
1392 2666 1418 2707 3
1440 2685 1496 2698 =
1517 2665 1616 2718 377,
1645 2664 1716 2718 14,
1747 2664 1848 2719 474,
1873 2665 1902 2706 4
1923 2684 1978 2698 ==

229 2737 314 2777 378
350 2737 423 2789 27,
449 2737 548 2790 474,
570 2738 596 2777 5
619 2758 671 2770 =
695 2738 793 2792 379,
813 2739 857 2791 43
883 2738 983 2792 474,
1006 2737 1031 2777 6
1049 2758 1101 2769 =
1119 2737 1216 2791 379,
1239 2736 1289 2790 93.
1308 2737 1408 2791 474,
1431 2737 1453 2777 7
1472 2756 1524 2769 =
1542 2736 1640 2789 379,
1663 2735 1736 2789 103
1761 2735 1861 2789 474,
1882 2735 1907 2776 8
1924 2756 1977 2768 =

227 2807 332 2860 379,
362 2808 433 2861 14,
466 2808 570 2861 474,
598 2809 622 2849 9
647 2829 698 2841 ττ-
722 2809 826 2863 379,
856 2810 926 2862 183
962 2808 1068 2862 474,
1099 2809 1151 2848 10
1175 2828 1227 2840 =
1251 2809 1354 2861 379,
1381 2808 1456 2861 43,
1487 2807 1592 2861 474,
1622 2808 1673 2848 11
1699 2826 1752 2840 ==
1775 2806 1879 2861 379,
1905 2806 1980 2861 54,

226 2879 331 2932 474,
368 2880 421 2919 12
449 2898 502 2911 ==
532 2879 635 2933 380,
673 2881 717 2933 1,
767 2881 872 2934 474,
907 2880 960 2921 13
989 2899 1042 2912 =
1072 2879 1175 2932 383,
1209 2879 1413 2932 37-39,
1462 2878 1568 2932 474,
1604 2878 1658 2919 14
1687 2898 1740 2910 =
1768 2877 1873 2932 384,
1908 2878 1981 2932 13,

226 2949 326 3003 474,
356 2950 410 2990 16
434 2969 486 2982 =
510 2950 607 3004 350,
638 2952 708 3004 193
740 2952 839 3004 474,
869 2952 920 2992 17
947 2942 1120 3004 ='350‚
1148 2951 1221 3003 243
1253 2950 1354 3004 474,
1378 2951 1431 2991 18
1454 2969 1507 2982 =
1530 2948 1630 3003 350,
1651 2949 1723 3002 353
1755 2948 1899 3003 475,1
1925 2968 1980 2981 =

228 3021 332 3074 350,
367 3021 438 3074 743
486 3021 591 3075 475,
625 3022 650 3061 2
678 3041 732 3054 =
762 3022 865 3075 351,
899 3022 942 3075 2,
987 3021 1092 3074 475,
1119 3021 1144 3061 3
1174 3041 1226 3052 =
1256 3021 1361 3075 351,
1389 3020 1463 3074 393
1507 3020 1612 3074 475,
1641 3020 1666 3061 4
1692 3038 1748 3052 =
1776 3018 1880 3072 351,
1906 3019 1982 3073 42,

227 3092 334 3146 475,
367 3093 393 3131 5
417 3112 469 3124 =
492 3093 596 3145 351,
623 3092 696 3132 45;
736 3092 883 3133 60(16111
922 3092 1048 3133 modo
1087 3093 1286 3145 excerpta
1324 3093 1425 3132 sunt
1461 3091 1567 3144 475,
1599 3089 1713 3132 6—8
1753 3103 1805 3129 ex
1843 3089 1981 3143 capite

230 3163 282 3204 de
321 3162 527 3204 membris
566 3162 781 3217 humanis,
821 3165 924 3217 475,
952 3164 1096 3204 9—-24
1136 3177 1186 3202 ex
1219 3162 1357 3216 capite
1390 3162 1440 3203 de
1473 3160 1675 3202 moribus.
1738 3158 1821 3201 Sed
1852 3158 1981 3201 etiam
