2271 3505
258 162 346 204 650

255 1142 279 1182 00

316 273 570 324 ἐληλυθέναι
633 275 729 326 περὶ
786 277 858 326 τῆς
916 272 1122 325 ςωτηρίας

315 345 467 400 αὐτοῦ,
521 345 587 388 ὅτι
637 345 779 388 πάντα
829 344 970 398 ὀρθῶς
1020 345 1119 398 ἔχει.

315 417 439 459 Οὕτω
472 421 596 460 ποιῶ.

316 563 497 605 ςπεύδω.
550 563 619 604 διὰ
651 562 689 604 τί
722 563 998 615 ἐπεζήτηςας;
1040 561 1118 605 ’Άν

315 649 378 677 ςοι
410 635 490 687 ἡδύ
525 635 651 690 ἐςτιν,
683 636 866 687 ςήμερον
893 633 1000 687 παρ’
1026 635 1119 687 ἐμοὶ

316 706 540 759 ἀρίςτηςον
580 707 802 759 χρηςίμως.
855 707 960 763 οἴνῳ
1000 710 1118 764 καλῶ

315 779 486 835 οἰκιακῷ
509 780 721 832 χρώμεθα.
750 780 899 822 Οὕτως
917 782 1117 831 γενέςθω,

314 851 387 894 Ἐν
438 852 530 907 ὥρᾳ
578 852 657 894 οὖν
703 853 801 894 ἐλθὲ
847 853 955 904 πρὸς
1000 854 1118 905 ἡμᾶς.

312 924 415 967 Ὅτε
458 926 611 978 θέλεις,
651 926 826 977 πέμψον
860 926 967 977 πρὸς
1000 926 1118 978 ἡμᾶς.

314 995 347 1038 ’c
374 998 451 1049 τὴν
474 997 612 1040 οἰκίαν
633 997 725 1050 εἰμί.
760 998 908 1040 Οὕτως
929 1000 1118 1049 γενέςθω

312 1069 423 1120 ἡμῖν.

285 1175 292 1182 .
327 1142 406 1194 Σύ,
440 1142 687 1195 παιδάριον,
722 1143 1016 1196 ἀκολούθηςόν
1050 1158 1118 1196 μοι

314 1213 347 1256 ’ς
384 1215 433 1256 τὸ
467 1218 782 1267 κρεοπωλεῖον·
834 1216 980 1258 τίποτε
1015 1216 1117 1267 ἀγο-

314 1286 510 1338 ράςωμεν
534 1287 594 1329 εἰς
616 1286 798 1339 ἄριςτον.
832 1289 1118 1341 ἐπερώτηςον,

314 1358 449 1401 πόςου
496 1360 519 1401 ὁ
566 1360 695 1411 ἰχθύς.
759 1360 957 1413 Δηνάρια
1005 1363 1118 1405 δέκα,

314 1431 392 1482 Σύ,
445 1431 692 1484 παιδάριον,
743 1433 882 1483 ὕπαγε
935 1434 993 1476 εἰς
1041 1437 1119 1487 τὴν

313 1503 467 1555 οἰκίαν,
512 1505 584 1546 ἵνα
624 1507 876 1556 δυνηθῶμεν
912 1505 1118 1549 ἀπελθεῖν

314 1575 372 1616 εἰς
416 1577 464 1618 τὸ
506 1579 868 1628 λαχανοπωλεῖον
907 1579 975 1620 καὶ
1015 1578 1116 1630 ἀγο-

312 1648 433 1699 ράςαι
492 1649 677 1701 λάχανα,
737 1649 847 1701 ἅπερ
905 1649 1118 1701 ἀναγκαῖά

313 1719 425 1772 εἰςιν,
450 1722 518 1763 καὶ
539 1721 732 1774 ὀπώραν,
761 1722 974 1775 ςυκάμινα,
1003 1727 1116 1776 ςῦκα,

311 1793 539 1849 δωράκινα,
568 1793 733 1846 ἀπίους,
758 1795 982 1846 τρικόκκια.
1023 1797 1117 1840 ἰδοὺ

311 1864 422 1916 ἔχεις
444 1866 596 1918 πάντα,
618 1867 644 1907 ἃ
665 1866 948 1920 ἠγοράςαμεν.
977 1870 1116 1920 ὕπαγε

311 1937 370 1979 εἰς
404 1939 480 1990 τὴν
515 1939 663 1981 οἰκίαν.

284 2011 553 2053 ,Καλεςάτω
599 2011 720 2067 <τις>
772 2014 848 2055 τὸν
900 2013 1116 2066 μάγειρον.

312 2086 397 2124 ποῦ
442 2084 571 2139 ἐςτιν,
616 2083 731 2126 Ἂνω
779 2084 978 2137 ἀνῆλθεν.
1044 2087 1116 2128 Καὶ

310 2155 347 2196 τί
389 2157 522 2211 θέλει,
569 2157 795 2209 καταβάτω
836 2156 931 2199 ὧδε.
997 2156 1115 2211 ἆρον,

313 2227 475 2278 ’έψηςον
515 2229 727 2280 ἐπιμελῶς
768 2230 821 2270 τὰ
856 2230 1115 2281 προςφάγια.

311 2298 478 2350 ἄρτυςις
534 2302 640 2353 καλὴ
693 2303 894 2351 γενέςθω.
966 2302 1113 2353 ἔνεγκε

310 2373 388 2423 τὴν
440 2375 597 2415 κλεῖδα.
662 2372 836 2416 ἄνοιξον
883 2375 933 2416 τὸ
979 2377 1114 2425 γλως-

311 2443 494 2495 ςοκόμον
533 2447 601 2487 καὶ
641 2446 822 2497 ἐξάγαγε
858 2449 1006 2489 κλεῖδα
1038 2451 1115 2490 τοῦ

311 2516 513 2566 ταμιείου.
545 2519 825 2572 <προένεγκε,
853 2519 879 2560 ἃ
903 2519 1115 2570 ἀναγκαῖά

311 2587 442 2641 εἰςιν)
480 2589 605 2642 ἅλας,
647 2590 794 2632 ἔλαιον
829 2593 1008 2634 Σπανὸν
1047 2595 1114 2634 καὶ

312 2659 554 2711 ἐπιτήδειον
916 2665 1113 2717 λύχνους,

311 2730 448 2782 γάρον
510 2736 685 2784 πρῶτον
880 2738 1112 2789 δευτέριον,

311 2801 409 2845 ὄξος
467 2806 605 2857 δριμύ,
664 2805 785 2848 οἶνον
840 2809 995 2850 λευκὸν
1047 2810 1114 2851 καὶ

311 2875 516 2927 μελανόν,
553 2880 732 2926 γλεῦκος
766 2880 969 2932 παλαιόν,
1009 2882 1114 2923 Ξύλα

309 2947 430 2999 Ξηρά,
471 2946 703 3001 ἄνθρακας,
743 2950 994 3004 ἀνθρακιάν,
1028 2953 1112 2996 ἀξί-

311 3032 405 3070 νην,
464 3020 604 3071 ςκεύη,
661 3023 875 3075 λοπάδας,
934 3025 1114 3077 χύτραν,

311 3091 486 3145 λέβητα,
538 3091 718 3147 (χάραν,
763 3097 910 3147 πῶμα,
956 3097 1113 3148 θύειαν,

311 3159 606 3215 ἀλετρίβανον,
640 3165 878 3216 μαχαίριον.
926 3168 975 3209 Τί
1005 3167 1113 3211 ἄλλο

752 2665 852 2705 τοὺς

749 2735 816 2776 καὶ

624 2663 682 2704 εἰς

1157 2020 1194 2057 Sl.

823 162 1100 205 COLLOQVIA
1127 162 1449 199 MONACENSIA

286 524 293 530 .
328 491 388 532 Σὺ
427 494 513 533 ποῦ
552 490 746 540 ὑπάγεις;
791 488 838 532 ’Σ
871 491 949 542 τὴν
981 489 1119 532 οἰκίαν
1159 492 1195 533 7.
1230 491 1294 533 Tu
1334 491 1408 533 ubi
1445 492 1597 534 uadis?
1635 494 1704 535 Ad
1738 494 1914 537 domum
1945 495 2026 538 fes-

1219 564 1323 606 tino.
1389 579 1519 620 quare
1560 565 1810 621 inquisisti?
1863 565 1908 609 Si
1941 567 2024 610 tibi

1219 651 1349 678 suaue
1380 640 1457 693 est,
1483 637 1611 679 hodie
1639 638 1752 693 apud
1775 653 1842 681 me
1863 640 2025 695 prande

1218 709 1457 765 frugaliter.
1504 710 1606 752 uino
1640 711 1754 753 100110
1789 711 2024 755 domestico

1218 782 1393 824 utimur.
1433 781 1502 825 Sic
1525 784 1611 825 fiat.
1645 783 1899 839 Temperius
1920 799 2024 842 ergo

1219 854 1318 896 ueni
1353 854 1406 896 ad
1431 870 1521 897 nos.
1581 856 1760 906 Quando
1787 856 1866 912 uis,
1898 857 2024 900 mitte

1219 927 1272 968 ad
1292 942 1391 983 nos3
1413 928 1528 970 domi
1551 943 1656 970 sum.
1699 928 1769 971 Sic
1789 929 1866 971 fiat
1885 929 2023 973 nobis.

1190 1181 1195 1187 .
1230 1146 1313 1201 Tu,
1352 1161 1476 1202 puer,
1517 1161 1695 1202 sequere
1735 1162 1803 1189 me
1848 1147 1901 1189 ad
1939 1162 2026 1189 ma·

1219 1218 1393 1273 cellum3
1420 1218 1584 1274 aliquid
1612 1234 1803 1262 emamus
1829 1219 1882 1261 ad
1900 1235 2024 1276 pran-

1219 1291 1348 1333 dium.
1390 1291 1624 1348 interroga,
1651 1295 1862 1347 quantum
1882 1292 2024 1348 piscis.

1218 1363 1432 1405 Denarios
1460 1364 1617 1406 decem.
1663 1364 1740 1419 Tu,
1766 1379 1886 1420 puer,
1912 1365 2026 1407 refer

1219 1436 1271 1477 ad
1311 1436 1504 1491 domum,
1544 1440 1592 1478 ut
1627 1437 1844 1492 possimus
1877 1437 1939 1479 ire
1972 1437 2025 1479 ad

1219 1508 1451 1550 olerarium
1491 1512 1533 1550 et
1567 1525 1707 1551 emere
1741 1509 1875 1566 olera,
1915 1525 2024 1565 quae

1217 1581 1459 1623 necessaria
1492 1585 1610 1637 sunt,
1644 1585 1687 1623 et
1719 1596 1860 1638 poma,
1891 1597 2025 1639 mora,

1217 1654 1335 1709 ficus,
1361 1668 1522 1708 persos,
1548 1653 1677 1709 piras,
1698 1654 1884 1696 tuberes.
1927 1669 2023 1697 0000

1216 1726 1350 1768 habes
1372 1726 1527 1782 omnia,
1549 1742 1657 1783 quae
1679 1727 1872 1769 emimus.
1910 1727 2024 1770 refer

1217 1798 1269 1840 acl
1303 1798 1488 1841 domum.

1230 2016 1398 2058 Clamet
1431 2016 1588 2072 aliquis
1615 2032 1775 2059 cocum.
1825 2017 1900 2059 ubi
1928 2018 2023 2060 est?

1219 2088 1398 2130 Sursum
1432 2089 1635 2131 ascendit.
1681 2090 1740 2131 Et
1768 2089 1871 2145 quid
1897 2090 2021 2132 uult?

1216 2161 1446 2202 descendat
1478 2161 1559 2203 hic.
1612 2161 1728 2217 tolle,
1761 2176 1895 2216 coque
1930 2161 2021 2203 dili-

1797 2233 2023 2276 conditura

1519 2306 1624 2347 affer
1663 2306 1839 2347 clauem.
1903 2306 2021 2362 aperi

1214 2377 1405 2419 loculum
1445 2381 1486 2419 et
1520 2378 1607 2420 eice
1641 2378 1807 2420 clauem
1841 2378 2021 2435 cellarii3

1215 2236 1368 2289 genter
1424 2233 1723 2288 pulmentaria.

1215 2305 1329 2346 bona
1367 2306 1454 2347 fiat.

1214 2450 1379 2505 profer,
1443 2466 1551 2505 quae
1608 2450 1850 2492 necessaria
1907 2453 2020 2506 sunt,

1216 2522 1326 2577 sale,
1366 2522 1509 2563 oleum
1545 2522 1735 2578 Spanum
1769 2526 1812 2564 et
1845 2538 2019 2578 appara-

1214 2597 1308 2636 tum
1342 2595 1395 2635 ad
1427 2594 1644 2650 lucerna-s,
1684 2595 1903 2650 liquamen
1936 2595 2019 2650 pri-

1213 2682 1332 2708 mum
1354 2670 1396 2708 et
1415 2668 1662 2722 secundum,
1677 2670 1846 2709 acetum
1861 2682 2020 2723 acrum,

1212 2738 1362 2780 uinum
1384 2739 1530 2781 album
1552 2743 1594 2781 et
1614 2739 1800 2796 nigrum,
1826 2742 2019 2782 mustum

1213 2813 1352 2865 uetus,
1377 2811 1498 2867 ligna
1525 2811 1648 2866 sicca,
1675 2812 1896 2867 carbones,
1921 2827 2018 2867 pru-

1212 2898 1332 2938 nam,
1364 2883 1561 2939 securim,
1595 2898 1709 2938 uasa,
1743 2883 1897 2938 catina,
1929 2899 2017 2926 cac-

1212 2955 1378 3010 cabum,
1400 2955 1542 3009 ollam,
1563 2955 1825 3011 craticulam,
1846 2970 2017 3011 cooper-

1211 3026 1394 3082 torium,
1457 3027 1736 3083 mortarium,
1791 3027 2017 3083 pistillum,

1213 3097 1447 3140 cultellum.
1491 3098 1602 3148 Quid
1630 3099 1747 3140 aliud
1769 3099 1866 3141 uis?
1898 3099 2017 3142 Haec

1213 3172 1401 3227 tantum,
1445 3186 1563 3226 puer.
1622 3171 1729 3212 uade
1769 3171 1822 3213 acl
1860 3171 2016 3213 Gaium
