2271 3505
671 171 987 217 COLLOQVIVM
1013 172 1520 210 MONTEPESSVLANVM
1892 172 1979 215 659

215 288 283 330 20.
329 286 438 338 ’Ήδη
491 285 575 338 ὀψέ
621 286 749 328 ἐςτιν·
801 284 975 336 ἄγωμεν
1020 285 1078 327 εἰ(
1119 286 1187 327 20.
1229 283 1322 325 Iam
1367 298 1463 346 sero
1509 286 1592 339 θείη
1637 298 1783 326 eamus
1828 283 1874 326 in
1912 283 1982 326 do-

275 358 407 401 οἶκον.
463 359 488 410 ἡ
529 357 651 410 κυρία
690 360 775 400 ποῦ
814 358 945 413 {erm
986 356 1078 400 Ἐν-

275 431 379 474 θάδε
414 430 505 482 εἰμί.
560 429 749 482 Ἔχομέν
775 444 814 471 τι
840 433 1079 485 δειπνῆεα1;

275 503 464 555 Ἔχομεν
504 502 657 544 πάντα.
722 503 828 544 Θέτε
868 503 946 554 τὴν
979 502 1078 554 τρά-

277 579 423 619 πεζαν.
475 574 576 617 δότε
610 573 756 626 ἄρτον.
805 575 903 625 τέμε
937 574 1079 626 τυρόν.

277 649 352 690 δὸς
384 646 578 699 ὀπώραν.
629 647 682 698 μή
710 660 747 687 τι
776 648 921 689 θέλετε
949 647 1081 689 καλὰ(

277 719 442 774 ἑλαίαε;
481 720 556 761 δὸς
597 708 781 760 κοπάδιὰ
820 719 888 760 καὶ
925 720 1080 762 πατὲλ-

278 795 358 834 λαν
396 794 540 843 τυροῦ.
603 791 703 841 τέμε
745 789 916 843 τοῦθαρ.
974 792 1081 843 φέρε

278 867 539 906 πλακοῦντα.
609 863 684 905 δὸς
741 861 941 915 ἄκρατον.
1007 864 1082 905 δὸς

278 935 555 989 χειρομάγιον
576 936 643 977 καὶ
659 935 911 988 ετεφάνουε.
944 935 1083 977 Πόεαι

279 1008 386 1061 ὧραί
407 1009 509 1050 εἰςιν
529 1011 603 1060 τῆς
625 1007 795 1062 νυκτόε;
827 1007 936 1059 ''l-{bn
958 1011 1082 1059 τρεῖς.

279 1083 362 1124 Θὲε
408 1080 594 1133 λεκάνην
638 1081 707 1122 καὶ
753 1079 954 1132 (τάμνιον
996 1078 1084 1136 (καὶ

279 1151 515 1209 ετάμνιον).
548 1152 777 1204 παιδάριόν
805 1166 872 1204 μοι
901 1151 1084 1194 κάλεεον

280 1227 389 1278 πρὸ(
433 1227 534 1268 τοὺς
579 1225 717 1267 πόδα(
762 1227 786 1277 ἢ
834 1226 1000 1276 μᾶλλον
1039 1224 1084 1266 ἐκ

279 1301 368 1340 τῶν
430 1300 646 1348 γυναικῶν
711 1297 809 1348 μίαν
866 1296 1084 1348 φώνηεον.

280 1369 388 1423 ἆρον
408 1371 486 1412 τὸν
508 1370 680 1421 λύχνον.
717 1371 936 1420 κοιμᾶεθαι
958 1369 1084 1413 Θέλω,

279 1444 351 1485 ἵνα
385 1442 498 1494 πρωῒ
529 1443 796 1494 γρηγορήεω.

1178 371 1307 398 mum.
1348 356 1522 398 domina
1542 355 1617 397 ubi
1638 355 1732 398 est?
1770 355 1854 398 Hie
1875 371 1981 398 sum.

1178 428 1402 471 Habemus
1422 428 1525 484 quid
1546 428 1727 470 cenare?
1759 427 1982 470 Habemus

1179 500 1334 543 omnia.
1392 500 1592 557 Inponite
1626 514 1828 542 mensam.
1884 500 1982 541 date

1178 588 1345 629 panem.
1385 572 1581 628 praecide
1609 587 1789 614 caseum.
1834 571 1886 613 da
1911 586 1982 626 po-

1180 660 1259 687 ma.
1305 645 1466 701 nequid
1492 645 1627 687 uultis
1653 645 1788 686 bonas
1815 642 1982 685 oliuas‘?

1181 718 1234 759 da
1284 718 1463 773 copadia
1513 720 1556 759 et
1606 716 1811 772 patellam
1860 715 1983 757 casei.

1180 789 1376 845 praecide
1398 804 1559 832 sumen.
1588 788 1707 830 adfer
1727 788 1984 843 placentum.

1182 862 1235 903 da
1267 877 1444 904 merum.
1497 861 1549 903 da
1582 875 1782 916 mappam
1815 859 1868 901 ad
1900 874 1985 901 ma-

1181 949 1262 976 nus
1290 937 1333 975 et
1359 948 1549 976 coronas.
1592 932 1707 983 Quot
1732 932 1863 973 horae
1885 934 1986 973 sunt

1181 1005 1352 1048 noetis?
1390 1006 1482 1047 Iam
1515 1008 1614 1048 tres.
1665 1004 1782 1046 Pone
1815 1003 1987 1059 peluem

1184 1081 1226 1120 et
1246 1077 1467 1120 matellam
1482 1077 1546 1134 (et
1567 1077 1772 1131 urceum).
1805 1090 1987 1132 puerum

1184 1150 1291 1192 mihi
1325 1150 1462 1192 clama
1494 1149 1547 1191 ad
1577 1149 1709 1205 pedes
1741 1151 1815 1190 aut
1847 1147 1987 1204 magis

1185 1223 1235 1264 de
1258 1221 1514 1264 mulieribus
1535 1236 1665 1262 unam
1686 1220 1832 1262 clama.
1882 1219 1987 1261 tolle

1183 1295 1414 1336 lucernam.
1455 1293 1641 1335 dormire
1663 1292 1774 1346 uolo,
1796 1294 1843 1333 ut
1864 1306 1987 1333 mane

1185 1366 1374 1419 uigilem.
