2164 3470
228 175 309 210 XIV
960 172 1233 209 PRAEFATIO

224 300 267 326 se
300 288 463 326 certum
497 287 577 325 est:
610 283 858 338 conspirant
889 283 1095 324 lectiones
1128 281 1336 337 plurimae
1348 279 1397 336 ¹),
1437 281 1684 336 conspirant
1715 282 1803 323 fere
1835 280 1970 324 lacu-

225 372 399 397 narum
438 356 594 411 signa.
658 355 773 396 Haec
812 354 934 409 signa
967 353 1183 394 Puteani
1225 367 1334 407 esse,
1371 367 1459 394 non
1490 353 1679 408 Pithoei,
1716 353 1816 394 huic
1848 367 1970 409 argu-

199 427 479 469 .mentationi
525 426 685 467 credes:
731 426 923 480 quamvis
966 425 1216 480 plerumque
1262 428 1501 481 congruant
1544 425 1793 467 lacunarum
1834 424 1970 481 signa,

226 501 369 539 tamen
397 497 610 539 interdum
637 496 877 550 discrepant
904 495 976 550 ita,
1002 499 1050 537 ut
1075 510 1161 537 non
1188 495 1337 550 eidem,
1364 497 1437 538 sed
1457 497 1595 554 magis
1616 497 1809 539 minusve
1829 495 1970 538 vicino

225 569 318 611 loco
358 569 444 610 sint
483 568 711 622 adscripta3
751 568 801 607 cf.
833 582 872 620 p.
911 567 1011 621 104,
1045 568 1088 621 Ως
1130 568 1230 620 105,
1260 568 1331 621 193
1368 569 1473 623 ·10T‚
1500 570 1568 610 35).
1626 567 1748 617 Quod
1780 581 1877 608 cum
1909 566 1971 608 ita

226 640 298 694 sit,
342 654 478 694 neque
525 637 721 679 Pithoei
768 637 954 678 editione
999 652 1101 679 usus
1147 640 1210 678 est
1249 636 1479 694 Scaliger
1523 638 1658 695 (quod
1701 639 1875 694 insuper
1918 653 1970 679 ex

226 711 394 752 omissis
433 710 544 763 apud
576 708 843 751 Pithoeum
882 707 1276 763 interpretamentis
1309 708 1480 751 Graecis
1519 708 1676 766 elucet)
1714 724 1852 764 neque
1890 709 1970 751 Pi—

226 782 406 823 thoeus
439 779 632 833 exemplo
667 777 935 835 Scaligeri:
974 779 1104 820 immo
1139 782 1317 834 uterque
1350 781 1498 822 eodem
1531 780 1775 836 exemplari,
1807 780 1853 822 in
1884 795 1969 835 quo

224 853 470 894 lacunarum
515 851 638 906 signa
683 849 766 890 iam
812 853 933 891 erant
976 853 1142 905 notata,
1187 850 1350 892 scilicet
1393 852 1688 908 apographo
1733 851 1969 906 Puteani,

224 940 308 966 non
342 926 511 966 vetusto
544 921 698 975 codiee,
730 921 887 976 quippe
920 921 965 962 in
997 936 1081 976 quo
1114 921 1188 962 illa
1221 921 1342 977 signa
1374 922 1504 964 fuisse
1536 937 1623 964 non
1654 922 1830 978 possint.

343 994 468 1036 Nunc
519 993 652 1049 igitur
704 1007 753 1033 eo
803 992 1093 1047 pervenimus,
1142 995 1190 1034 ut
1240 1007 1494 1047 quaeramus
1545 1008 1652 1048 quae
1702 994 1811 1035 ratio
1856 994 1970 1036 inter

225 1067 449 1108 codicem
475 1064 764 1106 Parisinum
797 1057 838 1105 et
871 1065 951 1106 hoc
985 1064 1242 1119 exemplar
1271 1064 1550 1106 Puteanum
1583 1064 1828 1106 intercedat.
1879 1064 1970 1114 Qua

225 1138 266 1179 in
300 1138 548 1193 quaestione
580 1135 794 1177 neminem
826 1135 975 1191 fugere
1007 1138 1170 1190 potest,
1202 1150 1330 1190 quam
1362 1138 1455 1177 arta
1486 1135 1542 1177 sit
1574 1136 1797 1178 amborum
1828 1151 1970 1178 neces-

224 1209 377 1251 situdo.
440 1208 528 1250 Iam
567 1222 667 1248 vero
700 1221 797 1248 cum
828 1206 1049 1248 Parisinus
1081 1207 1212 1248 codex
1244 1206 1422 1248 mutilus
1455 1206 1511 1248 sit
1545 1232 1598 1236 -—
1632 1209 1835 1261 quattuor
1865 1206 1971 1249 folia

226 1280 375 1322 intima
400 1280 598 1321 videntur
622 1277 754 1319 fuisse
781 1277 1074 1332 quaternionis
1102 1303 1155 1306 —
1184 1292 1365 1333 cumque
1392 1280 1559 1319 constet
1585 1278 1689 1319 olim
1715 1292 1813 1319 eum
1837 1277 1969 1319 fuisse

226 1351 425 1393 Claudii
464 1349 698 1404 Puteani,
742 1349 929 1391 dubitari
966 1349 1038 1391 vix
1075 1349 1253 1405 poterit,
1294 1349 1399 1404 quin
1434 1350 1725 1405 fragmentum
1762 1348 1969 1390 Leidense

225 1426 267 1464 et
298 1423 478 1464 Puteani
512 1437 562 1463 ex
594 1421 675 1462 hoc
713 1420 805 1475 ipso
845 1420 987 1462 codice
1025 1420 1216 1462 nondum
1253 1419 1452 1462 mutilato
1486 1420 1784 1475 profluxerint:
1825 1419 1970 1475 itaque

224 1509 357 1549 paene
384 1497 547 1535 certum
574 1495 651 1547 est,
680 1492 794 1547 quod
821 1491 1002 1533 coniecit
1028 1490 1347 1533 Boucherius
1372 1491 1398 1533 l.
1425 1507 1454 1533 s.
1482 1507 1512 1533 s.
1539 1508 1577 1547 p.
1605 1492 1703 1534 528.
1749 1490 1812 1533 Of.
1839 1491 1970 1533 etiam

223 1581 331 1620 quae
364 1566 661 1621 Kruegerus
694 1563 744 1604 de
777 1563 856 1604 hac
887 1578 932 1604 re
965 1562 1210 1618 disputavit.

342 1636 660 1681 Eodemaeanno
706 1649 789 1689 quo
828 1634 1034 1676 Pithoeus
1079 1649 1130 1675 ex
1174 1634 1422 1690 apographo
1460 1633 1641 1675 Puteani
1679 1633 1969 1690 fragmentum

224 1708 274 1749 de
312 1707 720 1749 manumissionibus
759 1721 810 1747 ex
849 1705 1021 1747 officina
1059 1704 1239 1746 Roberti
1278 1703 1484 1759 Stephani
1523 1704 1672 1759 edidit,
1715 1705 1970 1748 Henricus

224 1779 511 1834 Stephanus
548 1778 960 1819 hermeneumata
997 1791 1073 1818 sua
1111 1775 1270 1830 emisit,
1316 1775 1366 1817 de
1405 1775 1560 1830 quibus
1597 1775 1702 1817 haec
1740 1776 1831 1818 eius
1871 1779 1971 1818 sunt

224 1851 352 1892 verba
396 1850 440 1891 in
483 1848 747 1904 praefatione
785 1848 843 1905 (p.
877 1846 1001 1904 235):
1046 1847 1298 1903 ‘Sequentes
1342 1861 1495 1889 vocum
1539 1847 1802 1901 quarundam
1842 1847 1969 1890 inter-

223 1921 484 1976 pretationes
514 1920 559 1962 in
591 1919 779 1974 antiquis
808 1918 1079 1975 pergamenis
1111 1917 1460 1973 depravatissime
1490 1916 1670 1971 scriptas
1695 1917 1824 1959 libuit
1852 1933 1970 1974 supe-

224 1992 407 2034 rioribus
445 1992 642 2033 adiicere:
682 1991 797 2045 quod
835 2005 886 2032 ex
918 1990 1004 2031 illis
1037 2004 1206 2044 quoque
1238 1988 1436 2030 nonnihil
1468 1988 1633 2029 fructus
1663 1991 1967 2044 percepturum

224 2067 265 2105 te
298 2079 528 2119 sperarem:
560 2061 813 2117 praesertim
845 2076 977 2116 quum
1009 2060 1099 2115 ipse
1132 2059 1319 2114 aliquem
1350 2059 1435 2103 iam
1467 2058 1564 2100 inde
1595 2059 1835 2114 percepisse
1861 2060 1968 2102 mihi

225 2135 398 2177 viderer.
460 2134 599 2176 Multa
643 2132 757 2174 enim
801 2132 871 2173 hic
916 2134 1015 2173 sunt
1053 2128 1230 2187 (fateor)
1269 2129 1372 2170 satis
1410 2128 1495 2170 iam
1533 2132 1654 2185 nota,
1697 2132 1825 2185 atque
1863 2131 1967 2173 adeo

224 2221 329 2260 quae
369 2205 555 2247 trivialia
587 2204 669 2245 dici
701 2203 885 2259 possint:
924 2201 998 2243 sed
1028 2216 1115 2243 non
1147 2200 1344 2255 equidem
1377 2199 1529 2241 omnia.
1591 2199 1793 2256 Idemque
1825 2201 1870 2244 'm
1900 2202 1969 2244 his

224 2276 652 2332 interpretationibus
685 2274 801 2330 quod
827 2274 871 2315 in
896 2273 1112 2328 prioribus
1138 2271 1338 2313 usuvenit
1364 2270 1534 2325 alicubi,
1566 2274 1613 2313 ut
1639 2271 1855 2315 interdum
1880 2273 1970 2329 qui-

225 2347 319 2388 dem
358 2347 509 2388 Latina
550 2361 631 2387 vox
671 2345 874 2387 Graecam
913 2359 1000 2386 non
1039 2343 1144 2385 satis
1181 2345 1328 2384 notam
1367 2345 1568 2397 exponat,
1614 2342 1829 2386 interdum
1865 2359 1967 2386 vero

225 2418 383 2460 Graeca
410 2418 605 2459 Latinam
638 2416 825 2458 vicissim
857 2416 1051 2471 explicet.
1103 2414 1215 2464 Quin
1247 2414 1376 2455 etiam
1406 2414 1519 2469 quod
1544 2414 1685 2456 variae
1712 2414 1765 2456 ad
1791 2415 1968 2458 eandem

225 2504 314 2530 rem
347 2488 609 2543 pertinentes
641 2487 949 2542 appellationes
982 2486 1025 2527 in
1058 2489 1173 2527 certa
1205 2485 1414 2540 quaedam
1445 2485 1601 2541 capita,
1633 2485 1752 2527 velut
1782 2485 1828 2528 in
1859 2501 1968 2529 com-

225 2575 374 2601 munes
417 2560 551 2612 locos,
600 2558 794 2599 redactae
839 2558 943 2612 sint,
988 2571 1036 2597 eo
1082 2556 1247 2612 gratius
1291 2555 1371 2597 tibi
1415 2556 1673 2612 glossarium
1717 2556 1832 2599 istud
1875 2558 1966 2600 fore

224 2630 382 2685 putavi.
440 2629 521 2670 Sed
553 2643 683 2683 quum
716 2629 766 2669 de
799 2643 882 2669 una
914 2627 1144 2681 eademque
1176 2642 1222 2668 re
1255 2626 1393 2683 (verbi
1425 2627 1566 2684 gratia
1597 2627 1647 2669 de
1678 2627 1966 2684 navigatione,

226 2702 275 2742 de
309 2698 589 2757 agricultura)
622 2699 665 2740 in
698 2699 865 2741 duobus
897 2698 988 2739 eius
1019 2697 1124 2739 locis
1156 2700 1320 2754 agatur,
1353 2700 1396 2739 et
1428 2697 1488 2739 ita
1519 2697 1690 2753 quidem
1722 2701 1769 2740 ut
1800 2698 1846 2742 in
1881 2713 1965 2742 uno

225 2772 389 2825 Latina,
419 2771 462 2812 in
488 2770 622 2811 altera
649 2769 808 2812 Graeca
838 2769 1044 2811 vocabula
1069 2769 1336 2824 praecedant,
1369 2783 1449 2825 ego
1474 2769 1620 2825 potius
1645 2769 1785 2825 capita
1810 2769 1966 2826 quibus

226 2843 372 2884 eadem
410 2841 588 2884 materia
624 2841 846 2882 tractanda
882 2840 1103 2895 proposita
1135 2843 1216 2894 est,
1253 2839 1381 2881 simul
1412 2841 1625 2896 ponenda,
1663 2840 1707 2882 id
1739 2843 1804 2883 est
1833 2855 1966 2883 unum

348 3022 380 3058 1)
407 3017 571 3052 Maxima
598 3016 852 3061 discrepantia
878 3017 935 3050 est
959 3028 995 3060 p.
1025 3019 1103 3060 107,
1127 3019 1181 3060 17,
1208 3015 1272 3050 ubi
1297 3015 1476 3052 Pithoeus
1503 3019 1547 3061 δὴ
1575 3017 1614 3052 in
1638 3016 1806 3061 margine
1830 3014 1964 3062 adscit,

227 3077 394 3123 Scaliger
427 3078 552 3112 autem
585 3088 725 3119 μεντοιε
760 3076 823 3112 sed
857 3075 967 3110 facile
1000 3077 1057 3111 est
1090 3075 1271 3121 suspicari
1303 3076 1397 3111 illud
1429 3077 1553 3120 μέντοι
1580 3074 1762 3121 Scaligeri
1787 3085 1832 3110 ex
1857 3086 1892 3111 v.
1919 3079 1962 3110 15

227 3137 454 3183 profluxisse.
