2302 3505
355 201 441 243 382

352 327 429 367 per
461 312 667 370 singulos,
701 313 792 355 καθ’
825 314 912 368 ἕνα,

353 387 395 425 et
428 385 664 440 uniuersos,
697 386 763 426 καὶ
796 386 972 441 πάντας,

352 456 472 498 iuxta,
527 457 653 498 unius
710 457 914 513 cuiusque
966 458 1062 501 καθ’
1113 459 1211 501 ἑνὸς

411 529 589 571 ἑκάςτου

351 601 464 642 uires
498 604 540 642 et
573 602 771 654 δυνάμεις
805 603 871 644 καὶ

315 699 330 714 ‚
350 674 603 729 profectum,
636 677 874 729 προκοπήν,

350 749 393 786 et
425 749 631 801 tempora,
664 748 731 789 καὶ
764 748 948 803 καιρούς,

350 821 392 859 et
425 821 611 859 aetatem
644 821 711 861 καὶ
743 820 909 871 ἡλικίαν

348 890 750 946 condiscipulorum.
785 893 1075 944 ςυμμαθητῶν.

348 966 448 1004 sunt
481 963 595 1004 enim
628 965 702 1006 εἰςὶ
734 965 814 1017 γὰρ

295 1051 327 1075 10
348 1038 391 1076 et
421 1039 601 1078 naturae
635 1039 702 1079 καὶ
735 1038 881 1089 φύςεις

346 1108 490 1149 uariae
523 1109 708 1151 ποικίλαι

346 1181 625 1237 studentium,
659 1183 1022 1234 φιλοπονούντων

346 1256 389 1293 et
422 1253 619 1295 difficiles
651 1255 718 1296 καὶ
751 1257 968 1306 δυςχερεῖς

347 1325 595 1367 uoluntates
629 1329 815 1379 Θελήςεις

292 1413 325 1437 15
346 1397 397 1437 ad
430 1397 621 1439 laborem
654 1400 762 1450 πρὸς
794 1398 932 1440 κόπον

345 1469 580 1511 literarum.
614 1470 886 1522 γραμμάτων.

344 1541 387 1582 in
421 1542 578 1596 quibus
611 1543 658 1584 ἐν
691 1542 754 1584 οἷς

344 1629 475 1668 quum
510 1614 694 1655 multum
729 1615 801 1657 ὅτε
835 1616 947 1657 πολὺ

343 1686 554 1742 proficias,
587 1687 856 1742 προκόπτεις,

289 1774 322 1797 2³0
342 1758 440 1812 plus
473 1762 667 1814 superest
701 1761 836 1802 πλέον
869 1758 1004 1801 λείπει

341 1833 388 1871 ut
421 1831 474 1871 ad
506 1846 721 1873 summum
752 1833 824 1874 ἵνα
857 1830 930 1874 ἐπ’
962 1830 1096 1883 ἄκραν

341 1902 489 1943 uenias
522 1903 648 1959 ἔλθῃς

339 1976 592 2029 profectum.
627 1978 862 2029 προκοπήν.

340 2046 413 2087 alii
447 2062 549 2103 ergo
584 2047 706 2090 ἄλλοι
740 2049 819 2090 οὖν

287 2133 320 2158 25
339 2119 525 2173 nomina,
558 2120 763 2175 ὀνόματα,

339 2190 411 2230 alii
446 2205 595 2232 uersus
629 2191 752 2234 ἄλλοι
786 2192 953 2244 ςτίχους

339 2262 642 2318 recitauerunt,
675 2263 981 2319 ἀνηγόρευςαν,

340 2335 553 2388 quomodo
587 2336 727 2378 καθὼς

339 2406 455 2447 soliti
490 2410 600 2448 sunt.
635 2408 842 2450 εἰώθαςιν.

285 2495 319 2519 30
339 2478 538 2534 seribere,
570 2480 766 2532 γράφειν.

339 2550 540 2604 syllabae,
574 2551 787 2604 ςυλλαβαί.

339 2625 627 2678 surrexerunt,
659 2624 909 2678 ἠγέρθηςαν,

339 2696 380 2733 et
413 2696 625 2735 steterunt
657 2696 724 2737 καὶ
757 2695 989 2747 ἐςτάθηςαν

339 2765 391 2805 ad
424 2765 611 2807 titulum.
645 2768 753 2818 πρὸς
785 2768 862 2809 τὸν
894 2768 1063 2810 πίνακα.

283 2853 317 2877 35
338 2836 422 2877 iam
460 2838 598 2892 perito
638 2838 791 2894 reliqui
830 2838 992 2894 pariter
1023 2854 1192 2895 respon-

399 2908 556 2951 debant
589 2925 865 2966 quaecunque
897 2913 976 2964 ἤδη
1005 2913 1192 2968 ἐμπείρῳ

397 2981 436 3023 οἱ
476 2984 618 3024 λοιποὶ
657 2983 765 3034 ὁμοῦ
801 2983 1083 3034 ἀπεκρίνοντο
1116 2983 1194 3025 ὅςα

337 3051 389 3093 ad
446 3051 700 3108 incipientes
757 3056 864 3107 πρὸς
914 3056 1014 3097 τοὺς
1064 3055 1192 3107 ἀρχο-

397 3125 551 3175 μένους

336 3195 531 3249 praebita
563 3200 663 3237 sunt
697 3201 928 3251 κατελέχθη

895 204 960 238 HE
966 204 1314 240 RMENEVMATA
1343 204 1583 241 STEPHANI

1250 314 1322 369 eis,
1356 316 1513 371 αὐτοῖς,

1249 390 1292 427 et
1324 388 1574 444 necessaria,
1607 391 1675 431 καὶ
1707 391 1759 432 τὰ
1791 392 1988 446 χρήζοτα,

1250 462 1292 500 et
1324 475 1537 516 numeros,
1570 463 1637 503 καὶ
1670 461 1885 516 ἀριθμούς,

1249 531 1411 588 digitos
1444 535 1681 576 δακτύλους

1249 606 1291 645 et
1324 605 1522 660 calculos,
1555 607 1622 648 καὶ
1655 608 1842 659 ψήφους.

1247 676 1352 719 haee
1385 677 1485 719 dum
1518 681 1653 720 ταῦτα
1686 679 1733 721 ἐν
1766 679 1853 733 ὅςῳ

1247 749 1390 804 reddo,
1423 750 1693 806 ἀποδίδομαι,

1248 821 1284 861 ei
1319 822 1517 877 agebant.
1552 823 1672 865 οὗτοι
1705 823 1930 874 ἔπραττον.

2127 478 2164 502 40

2126 837 2162 862 45

1246 893 1400 949 reliqui
1437 898 1581 936 autem
1615 895 1655 937 οἱ
1688 896 1831 937 λοιποὶ
1863 896 1910 936 δὲ

1247 966 1593 1021 expositionibus
1626 968 1866 1019 ἑξηγήςεςιν

1245 1039 1457 1080 uacabant
1490 1040 1719 1092 ηὐκαίρουν

1244 1126 1320 1166 per
1353 1112 1457 1152 duas
1491 1113 1596 1154 κατὰ
1628 1113 1706 1154 δύο

1245 1184 1413 1238 classeS,
1446 1184 1595 1238 τάξεις,
2125 1197 2160 1223 50

1244 1256 1453 1298 tardiores
1489 1257 1739 1309 βραδύτεροι

1245 1332 1287 1369 et
1319 1328 1556 1370 uelocior-es
1589 1330 1656 1371 καὶ
1687 1329 1924 1381 ταχύτεροι,

1244 1403 1286 1441 et
1320 1400 1746 1457 interrogationibus.
1788 1402 1855 1443 καὶ
1888 1402 2103 1454 ἐπερωτή-

1305 1488 1423 1516 ςεςιν.

1242 1545 1464 1587 nominum
1492 1561 1614 1587 oasus
1641 1545 1849 1601 quinque:
1875 1544 2103 1597 ὀνομάτων

1302 1619 1481 1660 πτώςεις
1515 1620 1661 1661 πέντε·

1240 1690 1547 1745 nominatiuus,
1579 1690 1869 1744 ὀνομαςτικός,
2123 1703 2157 1728 55

1241 1762 1473 1818 genitiuuS,
1506 1764 1831 1817 γεγεννημένος,

1241 1834 1424 1890 datiuus,
1458 1836 1636 1891 δοτικός,

1240 1907 1522 1962 accusatiuus,
1555 1908 1795 1962 αἰτιατικός,

1240 1979 1478 2034 uocatiuus,
1511 1980 1716 2034 κλητικός,

1238 2051 1466 2093 ablatiuus.
1501 2051 1786 2103 ἀφαιρετικός.
2119 2064 2154 2089 60

1237 2123 1401 2164 nomini
1436 2123 1612 2175 ὀνόματι

1238 2195 1362 2236 detur
1395 2197 1563 2247 δοθήτω

1235 2282 1451 2322 numerus,
1484 2266 1672 2322 ἀριθμός,

1237 2339 1388 2394 unalis,
1422 2339 1571 2393 ἑνικός,

1236 2426 1339 2452 uno:
1373 2411 1446 2453 ἑνί.
2116 2423 2151 2449 65

1236 2481 1387 2537 dualis,
1420 2483 1575 2537 δυϊκός,

1234 2554 1424 2608 pluralis.
1460 2554 1753 2606 πληθυντικός.

1235 2626 1349 2680 quod
1382 2626 1575 2682 uerbum,
1611 2630 1740 2669 ποῖον
1772 2627 1895 2681 ῥῆμα,

1235 2701 1341 2752 quot
1387 2701 1429 2739 et
1472 2713 1679 2753 personae
1721 2697 1826 2740 sint:
1870 2698 1982 2740 πόςα
2025 2699 2093 2741 καὶ

1293 2770 1503 2822 πρόςωιτά
1535 2771 1626 2813 εἰςί·

1233 2841 1350 2896 dicis,
1383 2842 1609 2884 secundae:
1644 2843 1793 2894 λέγεις,
1827 2844 2049 2895 δευτέρου·
2111 2854 2146 2879 70

1234 2913 1350 2969 dicit,
1382 2913 1547 2956 tertiae.
1582 2915 1709 2969 λέγει,
1740 2915 1897 2966 τρίτου.

1234 2985 1329 3039 quis
1362 2985 1485 3026 dicat.
1518 2986 1580 3027 τίς
1612 2987 1727 3041 λέγῃ.

1233 3057 1341 3112 quis,
1374 3057 1505 3099 euius.
1539 3057 1612 3112 τίς,
1644 3058 1772 3100 τίνος.

1231 3128 1346 3170 filius
1379 3129 1435 3170 sit
1468 3143 1615 3171 eorum
1647 3130 1738 3172 υἱὸς
1771 3129 1834 3181 εἴη
1866 3130 2034 3172 τούτων

1231 3215 1338 3254 quos
1370 3200 1555 3256 legimus
1588 3202 1663 3244 οὕς
1695 3201 2039 3253 ἀναγινώςκομεν
2107 3212 2141 3238 ⁷5
