<?xml version="1.0" encoding="UTF-8"?>
<!DOCTYPE html PUBLIC "-//W3C//DTD XHTML 1.0 Transitional//EN"
    "http://www.w3.org/TR/xhtml1/DTD/xhtml1-transitional.dtd">
<html xmlns="http://www.w3.org/1999/xhtml" xml:lang="en" lang="en">
 <head>
  <title>
</title>
<meta http-equiv="Content-Type" content="text/html;charset=utf-8" />
  <meta name='ocr-system' content='tesseract 3.04.00' />
  <meta name='ocr-capabilities' content='ocr_page ocr_carea ocr_par ocr_line ocrx_word'/>
</head>
<body>
  <div class='ocr_page' id='page_1' title='image "./corpusglossarior03linduoft_0696.png"; bbox 0 0 2271 3505; ppageno 0'>
   <div class='ocr_carea' id='block_1_1' title="bbox 292 180 379 224">
    <p class='ocr_par' dir='ltr' id='par_1_1' title="bbox 292 180 379 224">
     <span class='ocr_line' id='line_1_1' title="bbox 292 180 379 224; baseline -0.011 0"><span class='ocrx_word' id='word_1_1' title='bbox 292 180 379 224; x_wconf 76' lang='lat'>654</span> 
     </span>
    </p>
   </div>
   <div class='ocr_carea' id='block_1_2' title="bbox 349 290 1155 562">
    <p class='ocr_par' dir='ltr' id='par_1_2' title="bbox 349 290 1155 562">
     <span class='ocr_line' id='line_1_2' title="bbox 352 290 1155 343; baseline -0.004 -9"><span class='ocrx_word' id='word_1_2' title='bbox 352 295 551 336; x_wconf 87' lang='grc' dir='ltr'>δέδωκεν.</span> <span class='ocrx_word' id='word_1_3' title='bbox 592 290 706 335; x_wconf 81' lang='grc' dir='ltr'>Δόθ&gt;</span> <span class='ocrx_word' id='word_1_4' title='bbox 733 292 833 343; x_wconf 82' lang='grc' dir='ltr'>ἡμῖν</span> <span class='ocrx_word' id='word_1_5' title='bbox 859 291 1019 340; x_wconf 99' lang='grc' dir='ltr'>γλυκέα</span> <span class='ocrx_word' id='word_1_6' title='bbox 1045 290 1155 332; x_wconf 70' lang='grc' dir='ltr'>πλα-’</span> 
     </span>
     <span class='ocr_line' id='line_1_3' title="bbox 350 361 1155 417; baseline -0.006 -9"><span class='ocrx_word' id='word_1_7' title='bbox 350 366 537 408; x_wconf 88' lang='grc' dir='ltr'>κούντιοι.</span> <span class='ocrx_word' id='word_1_8' title='bbox 605 363 745 417; x_wconf 82' lang='grc' dir='ltr'>Ἀρκεῖ</span> <span class='ocrx_word' id='word_1_9' title='bbox 806 363 918 414; x_wconf 85' lang='grc' dir='ltr'>ἡμῖν.</span> <span class='ocrx_word' id='word_1_10' title='bbox 981 361 1155 414; x_wconf 83' lang='grc' dir='ltr'>ἄγωμεν</span> 
     </span>
     <span class='ocr_line' id='line_1_4' title="bbox 351 435 1154 489; baseline -0.006 -9"><span class='ocrx_word' id='word_1_11' title='bbox 351 438 517 480; x_wconf 89' lang='grc' dir='ltr'>λοιπόν.</span> <span class='ocrx_word' id='word_1_12' title='bbox 582 437 698 489; x_wconf 86' lang='grc' dir='ltr'>ἅψον</span> <span class='ocrx_word' id='word_1_13' title='bbox 744 437 973 486; x_wconf 86' lang='grc' dir='ltr'>κανδῆλαν.</span> <span class='ocrx_word' id='word_1_14' title='bbox 1038 435 1154 487; x_wconf 85' lang='grc' dir='ltr'>λαβέ.</span> 
     </span>
     <span class='ocr_line' id='line_1_5' title="bbox 349 508 829 562; baseline -0.004 -10"><span class='ocrx_word' id='word_1_15' title='bbox 349 513 490 552; x_wconf 90' lang='grc' dir='ltr'>καλῶς</span> <span class='ocrx_word' id='word_1_16' title='bbox 522 511 630 562; x_wconf 81' lang='grc' dir='ltr'>ἡμᾶς</span> <span class='ocrx_word' id='word_1_17' title='bbox 664 508 829 560; x_wconf 78' lang='grc' dir='ltr'>ἔλαβες.</span> 
     </span>
    </p>
   </div>
   <div class='ocr_carea' id='block_1_3' title="bbox 292 580 1153 635">
    <p class='ocr_par' dir='ltr' id='par_1_3' title="bbox 292 580 1153 635">
     <span class='ocr_line' id='line_1_6' title="bbox 292 580 1153 635; baseline -0.006 -11"><span class='ocrx_word' id='word_1_18' title='bbox 292 584 357 624; x_wconf 75' lang='grc'>12.</span> <span class='ocrx_word' id='word_1_19' title='bbox 390 583 585 633; x_wconf 78' lang='grc' dir='ltr'>Παιδίον,</span> <span class='ocrx_word' id='word_1_20' title='bbox 619 582 735 635; x_wconf 88' lang='grc' dir='ltr'>ἐλθέ,</span> <span class='ocrx_word' id='word_1_21' title='bbox 772 580 976 621; x_wconf 82' lang='grc' dir='ltr'>ςύλλεξον</span> <span class='ocrx_word' id='word_1_22' title='bbox 1005 581 1153 633; x_wconf 81' lang='grc' dir='ltr'>ταῦτα,</span> 
     </span>
    </p>
   </div>
   <div class='ocr_carea' id='block_1_4' title="bbox 347 650 1154 1503">
    <p class='ocr_par' dir='ltr' id='par_1_4' title="bbox 347 650 1154 1503">
     <span class='ocr_line' id='line_1_7' title="bbox 349 650 1151 697; baseline -0.006 0"><span class='ocrx_word' id='word_1_23' title='bbox 349 655 491 697; x_wconf 87' lang='grc' dir='ltr'>πάντα</span> <span class='ocrx_word' id='word_1_24' title='bbox 523 657 614 696; x_wconf 79' lang='grc' dir='ltr'>τοῖς</span> <span class='ocrx_word' id='word_1_25' title='bbox 647 653 768 695; x_wconf 89' lang='grc' dir='ltr'>ἰδίοις</span> <span class='ocrx_word' id='word_1_26' title='bbox 795 651 945 693; x_wconf 89' lang='grc' dir='ltr'>τόποις</span> <span class='ocrx_word' id='word_1_27' title='bbox 972 650 1151 693; x_wconf 85' lang='grc' dir='ltr'>ἀπόθου.</span> 
     </span>
     <span class='ocr_line' id='line_1_8' title="bbox 349 723 1153 777; baseline -0.005 -9"><span class='ocrx_word' id='word_1_28' title='bbox 349 727 561 777; x_wconf 92' lang='grc' dir='ltr'>ἐπιμελῶς</span> <span class='ocrx_word' id='word_1_29' title='bbox 620 727 808 777; x_wconf 90' lang='grc' dir='ltr'>ςτρῶςον</span> <span class='ocrx_word' id='word_1_30' title='bbox 864 725 942 775; x_wconf 89' lang='grc' dir='ltr'>τὴν</span> <span class='ocrx_word' id='word_1_31' title='bbox 994 723 1153 775; x_wconf 90' lang='grc' dir='ltr'>κλίνην.</span> 
     </span>
     <span class='ocr_line' id='line_1_9' title="bbox 349 797 1151 850; baseline -0.006 -10"><span class='ocrx_word' id='word_1_32' title='bbox 349 799 616 850; x_wconf 84' lang='grc' dir='ltr'>Στρώςαμεν.</span> <span class='ocrx_word' id='word_1_33' title='bbox 666 798 740 839; x_wconf 85' lang='grc' dir='ltr'>Καὶ</span> <span class='ocrx_word' id='word_1_34' title='bbox 773 797 842 838; x_wconf 88' lang='grc' dir='ltr'>διὰ</span> <span class='ocrx_word' id='word_1_35' title='bbox 873 798 1004 837; x_wconf 83' lang='grc' dir='ltr'>τοῦτο</span> <span class='ocrx_word' id='word_1_36' title='bbox 1032 798 1151 846; x_wconf 85' lang='grc' dir='ltr'>ςκλη-</span> 
     </span>
     <span class='ocr_line' id='line_1_10' title="bbox 348 869 1154 925; baseline -0.004 -13"><span class='ocrx_word' id='word_1_37' title='bbox 348 871 425 922; x_wconf 88' lang='grc' dir='ltr'>ρόν</span> <span class='ocrx_word' id='word_1_38' title='bbox 447 871 575 925; x_wconf 67' lang='grc' dir='ltr'>ἐςτιν,</span> <span class='ocrx_word' id='word_1_39' title='bbox 597 869 918 919; x_wconf 76' lang='grc' dir='ltr'>Ἐξετινάέαμεν</span> <span class='ocrx_word' id='word_1_40' title='bbox 941 869 1007 909; x_wconf 81' lang='grc' dir='ltr'>καὶ</span> <span class='ocrx_word' id='word_1_41' title='bbox 1028 882 1154 919; x_wconf 93' lang='grc' dir='ltr'>προς-</span> 
     </span>
     <span class='ocr_line' id='line_1_11' title="bbox 350 939 1152 995; baseline -0.005 -10"><span class='ocrx_word' id='word_1_42' title='bbox 350 943 590 995; x_wconf 86' lang='grc' dir='ltr'>κεφάλαιον</span> <span class='ocrx_word' id='word_1_43' title='bbox 636 941 917 994; x_wconf 79' lang='grc' dir='ltr'>ἐμαλάξαμεν.</span> <span class='ocrx_word' id='word_1_44' title='bbox 980 939 1152 992; x_wconf 89' lang='grc' dir='ltr'>Ἐπειδὴ</span> 
     </span>
     <span class='ocr_line' id='line_1_12' title="bbox 348 1012 1153 1068; baseline -0.005 -11"><span class='ocrx_word' id='word_1_45' title='bbox 348 1016 429 1067; x_wconf 86' lang='grc' dir='ltr'>γὰρ</span> <span class='ocrx_word' id='word_1_46' title='bbox 503 1015 696 1067; x_wconf 89' lang='grc' dir='ltr'>ὀκνηρῶς</span> <span class='ocrx_word' id='word_1_47' title='bbox 770 1013 1058 1068; x_wconf 85' lang='grc' dir='ltr'>&lt;ἐποιήςατε&gt;</span> <span class='ocrx_word' id='word_1_48' title='bbox 1127 1012 1153 1053; x_wconf 84' lang='grc' dir='ltr'><strong><em>ἃ</em></strong></span> 
     </span>
     <span class='ocr_line' id='line_1_13' title="bbox 348 1085 1151 1139; baseline -0.002 -11"><span class='ocrx_word' id='word_1_49' title='bbox 348 1086 561 1137; x_wconf 83' lang='grc' dir='ltr'>ἀναγκαῖά</span> <span class='ocrx_word' id='word_1_50' title='bbox 600 1087 718 1139; x_wconf 81' lang='grc' dir='ltr'>εἰςιν,</span> <span class='ocrx_word' id='word_1_51' title='bbox 758 1086 902 1138; x_wconf 86' lang='grc' dir='ltr'>μηδεὶς</span> <span class='ocrx_word' id='word_1_52' title='bbox 940 1085 1021 1127; x_wconf 77' lang='grc' dir='ltr'>ἔξω</span> <span class='ocrx_word' id='word_1_53' title='bbox 1063 1088 1151 1126; x_wconf 91' lang='grc' dir='ltr'>δια-</span> 
     </span>
     <span class='ocr_line' id='line_1_14' title="bbox 348 1157 1152 1213; baseline -0.004 -12"><span class='ocrx_word' id='word_1_54' title='bbox 348 1160 600 1213; x_wconf 84' lang='grc' dir='ltr'>νυκτερεύςῃ</span> <span class='ocrx_word' id='word_1_55' title='bbox 633 1160 658 1210; x_wconf 85' lang='grc' dir='ltr'>ἣ</span> <span class='ocrx_word' id='word_1_56' title='bbox 687 1159 882 1212; x_wconf 87' lang='grc' dir='ltr'>ἐκτρέψῃ.</span> <span class='ocrx_word' id='word_1_57' title='bbox 933 1157 1010 1199; x_wconf 85' lang='grc' dir='ltr'>ἐάν</span> <span class='ocrx_word' id='word_1_58' title='bbox 1036 1171 1152 1199; x_wconf 93' lang='grc' dir='ltr'>τινος</span> 
     </span>
     <span class='ocr_line' id='line_1_15' title="bbox 347 1230 1150 1283; baseline -0.002 -10"><span class='ocrx_word' id='word_1_59' title='bbox 347 1233 501 1283; x_wconf 90' lang='grc' dir='ltr'>φωνὴν</span> <span class='ocrx_word' id='word_1_60' title='bbox 526 1230 707 1281; x_wconf 86' lang='grc' dir='ltr'>ἀκούςω,</span> <span class='ocrx_word' id='word_1_61' title='bbox 735 1231 786 1272; x_wconf 85' lang='grc' dir='ltr'>οὐ</span> <span class='ocrx_word' id='word_1_62' title='bbox 808 1231 965 1272; x_wconf 81' lang='grc' dir='ltr'>τούτου</span> <span class='ocrx_word' id='word_1_63' title='bbox 988 1244 1150 1281; x_wconf 89' lang='grc' dir='ltr'>ςυγχω-</span> 
     </span>
     <span class='ocr_line' id='line_1_16' title="bbox 348 1302 1150 1356; baseline -0.001 -11"><span class='ocrx_word' id='word_1_64' title='bbox 348 1306 472 1356; x_wconf 85' lang='grc' dir='ltr'>ρήςω.</span> <span class='ocrx_word' id='word_1_65' title='bbox 518 1303 781 1355; x_wconf 85' lang='grc' dir='ltr'>ἀναλάβεςθε</span> <span class='ocrx_word' id='word_1_66' title='bbox 809 1302 927 1354; x_wconf 81' lang='grc' dir='ltr'>ὑμᾶς,</span> <span class='ocrx_word' id='word_1_67' title='bbox 955 1305 1150 1353; x_wconf 86' lang='grc' dir='ltr'>κοιμᾶςθε</span> 
     </span>
     <span class='ocr_line' id='line_1_17' title="bbox 347 1375 1150 1429; baseline -0.002 -12"><span class='ocrx_word' id='word_1_68' title='bbox 347 1377 415 1417; x_wconf 86' lang='grc' dir='ltr'>καὶ</span> <span class='ocrx_word' id='word_1_69' title='bbox 478 1375 844 1429; x_wconf 83' lang='grc' dir='ltr'>ἀλεκτρυοφωνίῳ</span> <span class='ocrx_word' id='word_1_70' title='bbox 902 1375 1150 1417; x_wconf 77' lang='grc' dir='ltr'>ἐξυπνίςατέ</span> 
     </span>
     <span class='ocr_line' id='line_1_18' title="bbox 347 1447 816 1503; baseline -0.004 -13"><span class='ocrx_word' id='word_1_71' title='bbox 347 1448 470 1503; x_wconf 90' lang='grc' dir='ltr'>&lt;με&gt;,</span> <span class='ocrx_word' id='word_1_72' title='bbox 502 1449 574 1490; x_wconf 85' lang='grc' dir='ltr'>ἵνα</span> <span class='ocrx_word' id='word_1_73' title='bbox 607 1447 816 1499; x_wconf 87' lang='grc' dir='ltr'>ἐκδράμω.</span> 
     </span>
    </p>
   </div>
   <div class='ocr_carea' id='block_1_5' title="bbox 751 177 1601 222">
    <p class='ocr_par' dir='ltr' id='par_1_5' title="bbox 751 177 1601 222">
     <span class='ocr_line' id='line_1_19' title="bbox 751 177 1601 222; baseline -0.004 -6"><span class='ocrx_word' id='word_1_74' title='bbox 751 178 1068 222; x_wconf 81' lang='lat' dir='ltr'>COLLOQVIVM</span> <span class='ocrx_word' id='word_1_75' title='bbox 1096 177 1601 214; x_wconf 76' lang='lat' dir='ltr'>MONTEPESSVLANVM</span> 
     </span>
    </p>
   </div>
   <div class='ocr_carea' id='block_1_6' title="bbox 1256 288 1721 344">
    <p class='ocr_par' dir='ltr' id='par_1_6' title="bbox 1256 288 1721 344">
     <span class='ocr_line' id='line_1_20' title="bbox 1256 288 1721 344; baseline 0.002 -15"><span class='ocrx_word' id='word_1_76' title='bbox 1256 289 1362 329; x_wconf 86' lang='lat' dir='ltr'>bene</span> <span class='ocrx_word' id='word_1_77' title='bbox 1394 304 1475 329; x_wconf 89' lang='lat' dir='ltr'>nos</span> <span class='ocrx_word' id='word_1_78' title='bbox 1507 288 1721 344; x_wconf 86' lang='lat' dir='ltr'>accepisti.</span> 
     </span>
    </p>
   </div>
   <div class='ocr_carea' id='block_1_7' title="bbox 1195 576 2058 634">
    <p class='ocr_par' dir='ltr' id='par_1_7' title="bbox 1195 576 2058 634">
     <span class='ocr_line' id='line_1_21' title="bbox 1195 576 2058 634; baseline -0.002 -15"><span class='ocrx_word' id='word_1_79' title='bbox 1195 579 1260 619; x_wconf 72' lang='lat'>12.</span> <span class='ocrx_word' id='word_1_80' title='bbox 1295 577 1424 631; x_wconf 88' lang='lat' dir='ltr'>Puer,</span> <span class='ocrx_word' id='word_1_81' title='bbox 1464 577 1583 632; x_wconf 90' lang='lat' dir='ltr'>ueni,</span> <span class='ocrx_word' id='word_1_82' title='bbox 1623 576 1779 634; x_wconf 78' lang='lat' dir='ltr'>collige</span> <span class='ocrx_word' id='word_1_83' title='bbox 1811 577 1936 631; x_wconf 86' lang='lat' dir='ltr'>haec,</span> <span class='ocrx_word' id='word_1_84' title='bbox 1972 591 2058 618; x_wconf 90' lang='lat' dir='ltr'>om-</span> 
     </span>
    </p>
   </div>
   <div class='ocr_carea' id='block_1_8' title="bbox 1252 648 2071 915">
    <p class='ocr_par' dir='ltr' id='par_1_8' title="bbox 1252 648 2071 915">
     <span class='ocr_line' id='line_1_22' title="bbox 1252 648 2060 705; baseline -0.001 -14"><span class='ocrx_word' id='word_1_85' title='bbox 1252 650 1324 691; x_wconf 87' lang='lat' dir='ltr'>nia</span> <span class='ocrx_word' id='word_1_86' title='bbox 1357 649 1446 691; x_wconf 85' lang='lat' dir='ltr'>suis</span> <span class='ocrx_word' id='word_1_87' title='bbox 1472 649 1579 691; x_wconf 86' lang='lat' dir='ltr'>locis</span> <span class='ocrx_word' id='word_1_88' title='bbox 1606 664 1777 704; x_wconf 79' lang='lat' dir='ltr'><strong>repone.</strong></span> <span class='ocrx_word' id='word_1_89' title='bbox 1827 648 2060 705; x_wconf 73' lang='lat' dir='ltr'>diligenter</span> 
     </span>
     <span class='ocr_line' id='line_1_23' title="bbox 1254 720 2059 764; baseline -0.001 -1"><span class='ocrx_word' id='word_1_90' title='bbox 1254 725 1397 764; x_wconf 81' lang='lat' dir='ltr'>sterne</span> <span class='ocrx_word' id='word_1_91' title='bbox 1444 721 1615 763; x_wconf 90' lang='lat' dir='ltr'>lectum.</span> <span class='ocrx_word' id='word_1_92' title='bbox 1683 720 1936 763; x_wconf 79' lang='lat' dir='ltr'>Strauimus.</span> <span class='ocrx_word' id='word_1_93' title='bbox 1999 720 2059 762; x_wconf 83' lang='lat' dir='ltr'>Et</span> 
     </span>
     <span class='ocr_line' id='line_1_24' title="bbox 1254 793 2071 836; baseline -0.002 -1"><span class='ocrx_word' id='word_1_94' title='bbox 1254 794 1349 835; x_wconf 88' lang='lat' dir='ltr'>ideo</span> <span class='ocrx_word' id='word_1_95' title='bbox 1384 794 1539 836; x_wconf 89' lang='lat' dir='ltr'>durum</span> <span class='ocrx_word' id='word_1_96' title='bbox 1573 793 1666 836; x_wconf 74' lang='lat' dir='ltr'>est?</span> <span class='ocrx_word' id='word_1_97' title='bbox 1707 793 1990 835; x_wconf 82' lang='lat' dir='ltr'>Excussimus</span> <span class='ocrx_word' id='word_1_98' title='bbox 2017 794 2071 833; x_wconf 29' lang='lat' dir='ltr'>et,</span> 
     </span>
     <span class='ocr_line' id='line_1_25' title="bbox 1949 865 2058 915; baseline 0.009 -9"><span class='ocrx_word' id='word_1_99' title='bbox 1949 865 2058 915; x_wconf 81' lang='lat' dir='ltr'>Quo-</span> 
     </span>
    </p>
   </div>
   <div class='ocr_carea' id='block_1_9' title="bbox 1252 936 2059 995">
    <p class='ocr_par' dir='ltr' id='par_1_9' title="bbox 1252 936 2059 995">
     <span class='ocr_line' id='line_1_26' title="bbox 1252 936 2059 995; baseline -0.002 -15"><span class='ocrx_word' id='word_1_100' title='bbox 1252 939 1369 980; x_wconf 85' lang='lat' dir='ltr'>niam</span> <span class='ocrx_word' id='word_1_101' title='bbox 1415 944 1560 980; x_wconf 89' lang='lat' dir='ltr'>autem</span> <span class='ocrx_word' id='word_1_102' title='bbox 1604 938 1789 995; x_wconf 83' lang='lat' dir='ltr'>pigriter</span> <span class='ocrx_word' id='word_1_103' title='bbox 1835 936 2059 992; x_wconf 75' lang='lat' dir='ltr'>(fecistis)</span> 
     </span>
    </p>
   </div>
   <div class='ocr_carea' id='block_1_10' title="bbox 1253 865 1890 922">
    <p class='ocr_par' dir='ltr' id='par_1_10' title="bbox 1253 865 1890 922">
     <span class='ocr_line' id='line_1_27' title="bbox 1253 865 1890 922; baseline -0.002 -14"><span class='ocrx_word' id='word_1_104' title='bbox 1253 866 1482 922; x_wconf 88' lang='lat' dir='ltr'>puluinum</span> <span class='ocrx_word' id='word_1_105' title='bbox 1513 865 1890 908; x_wconf 86' lang='lat' dir='ltr'>commolliuimus.</span> 
     </span>
    </p>
   </div>
   <div class='ocr_carea' id='block_1_11' title="bbox 1252 1009 2058 1284">
    <p class='ocr_par' dir='ltr' id='par_1_11' title="bbox 1252 1009 2058 1284">
     <span class='ocr_line' id='line_1_28' title="bbox 1253 1009 2058 1067; baseline -0.002 -14"><span class='ocrx_word' id='word_1_106' title='bbox 1253 1027 1361 1067; x_wconf 86' lang='lat' dir='ltr'>quae</span> <span class='ocrx_word' id='word_1_107' title='bbox 1388 1011 1629 1053; x_wconf 85' lang='lat' dir='ltr'>necessaria</span> <span class='ocrx_word' id='word_1_108' title='bbox 1657 1013 1769 1064; x_wconf 91' lang='lat' dir='ltr'>sunt,</span> <span class='ocrx_word' id='word_1_109' title='bbox 1795 1024 1923 1052; x_wconf 90' lang='lat' dir='ltr'>nemo</span> <span class='ocrx_word' id='word_1_110' title='bbox 1951 1009 2058 1051; x_wconf 84' lang='lat' dir='ltr'>foris</span> 
     </span>
     <span class='ocr_line' id='line_1_29' title="bbox 1252 1081 2058 1139; baseline -0.002 -14"><span class='ocrx_word' id='word_1_111' title='bbox 1252 1086 1477 1139; x_wconf 87' lang='lat' dir='ltr'>pernoctet</span> <span class='ocrx_word' id='word_1_112' title='bbox 1522 1086 1596 1124; x_wconf 88' lang='lat' dir='ltr'>aut</span> <span class='ocrx_word' id='word_1_113' title='bbox 1642 1082 1839 1138; x_wconf 86' lang='lat' dir='ltr'>ineptiat.</span> <span class='ocrx_word' id='word_1_114' title='bbox 1903 1082 1939 1124; x_wconf 82' lang='lat' dir='ltr'>si</span> <span class='ocrx_word' id='word_1_115' title='bbox 1985 1081 2058 1123; x_wconf 90' lang='lat' dir='ltr'>ali-</span> 
     </span>
     <span class='ocr_line' id='line_1_30' title="bbox 1252 1154 2057 1210; baseline -0.002 -12"><span class='ocrx_word' id='word_1_116' title='bbox 1252 1156 1372 1198; x_wconf 81' lang='lat' dir='ltr'>cuius</span> <span class='ocrx_word' id='word_1_117' title='bbox 1400 1171 1552 1198; x_wconf 90' lang='lat' dir='ltr'>uocem</span> <span class='ocrx_word' id='word_1_118' title='bbox 1579 1155 1719 1210; x_wconf 90' lang='lat' dir='ltr'>audio,</span> <span class='ocrx_word' id='word_1_119' title='bbox 1745 1169 1833 1196; x_wconf 91' lang='lat' dir='ltr'>non</span> <span class='ocrx_word' id='word_1_120' title='bbox 1857 1154 1896 1196; x_wconf 91' lang='lat' dir='ltr'>ei</span> <span class='ocrx_word' id='word_1_121' title='bbox 1917 1169 2057 1209; x_wconf 84' lang='lat' dir='ltr'>parco.</span> 
     </span>
     <span class='ocr_line' id='line_1_31' title="bbox 1252 1226 2057 1284; baseline -0.004 -14"><span class='ocrx_word' id='word_1_122' title='bbox 1252 1229 1430 1284; x_wconf 88' lang='lat' dir='ltr'>recipite</span> <span class='ocrx_word' id='word_1_123' title='bbox 1464 1243 1555 1283; x_wconf 89' lang='lat' dir='ltr'>uos,</span> <span class='ocrx_word' id='word_1_124' title='bbox 1588 1227 1772 1269; x_wconf 89' lang='lat' dir='ltr'>dormite</span> <span class='ocrx_word' id='word_1_125' title='bbox 1806 1230 1848 1268; x_wconf 89' lang='lat' dir='ltr'>et</span> <span class='ocrx_word' id='word_1_126' title='bbox 1881 1227 1925 1268; x_wconf 89' lang='lat' dir='ltr'>in</span> <span class='ocrx_word' id='word_1_127' title='bbox 1953 1226 2057 1283; x_wconf 83' lang='lat' dir='ltr'>galli</span> 
     </span>
    </p>
   </div>
   <div class='ocr_carea' id='block_1_12' title="bbox 1252 1300 2057 1354">
    <p class='ocr_par' dir='ltr' id='par_1_12' title="bbox 1252 1300 2057 1354">
     <span class='ocr_line' id='line_1_32' title="bbox 1252 1300 2057 1354; baseline -0.002 -12"><span class='ocrx_word' id='word_1_128' title='bbox 1252 1304 1380 1343; x_wconf 81' lang='lat' dir='ltr'>cantu</span> <span class='ocrx_word' id='word_1_129' title='bbox 1416 1300 1600 1342; x_wconf 78' lang='lat' dir='ltr'>excitate</span> <span class='ocrx_word' id='word_1_130' title='bbox 1634 1315 1714 1354; x_wconf 82' lang='lat' dir='ltr'>me,</span> <span class='ocrx_word' id='word_1_131' title='bbox 1747 1302 1795 1341; x_wconf 94' lang='lat' dir='ltr'>ut</span> <span class='ocrx_word' id='word_1_132' title='bbox 1822 1313 2057 1341; x_wconf 81' lang='lat' dir='ltr'>excurram.</span> 
     </span>
    </p>
   </div>
   <div class='ocr_carea' id='block_1_13' title="bbox 498 1667 1848 1737">
    <p class='ocr_par' dir='ltr' id='par_1_13' title="bbox 498 1667 1848 1737">
     <span class='ocr_line' id='line_1_33' title="bbox 498 1667 1848 1737; baseline -0.004 -11"><span class='ocrx_word' id='word_1_133' title='bbox 498 1671 585 1728; x_wconf 82' lang='lat' dir='ltr'>IV.</span> <span class='ocrx_word' id='word_1_134' title='bbox 647 1669 1097 1737; x_wconf 75' lang='lat' dir='ltr'>OOLLOQVIVM</span> <span class='ocrx_word' id='word_1_135' title='bbox 1141 1667 1848 1724; x_wconf 75' lang='lat' dir='ltr'>MONTEPESSVLANVM</span> 
     </span>
    </p>
   </div>
   <div class='ocr_carea' id='block_1_14' title="bbox 503 1797 933 1841">
    <p class='ocr_par' dir='ltr' id='par_1_14' title="bbox 503 1797 933 1841">
     <span class='ocr_line' id='line_1_34' title="bbox 503 1797 933 1841; baseline -0.007 0"><span class='ocrx_word' id='word_1_136' title='bbox 503 1797 933 1841; x_wconf 85' lang='grc' dir='ltr'>ΕΡΜΗΝΕΥΜΑΤΑ.</span> 
     </span>
    </p>
   </div>
   <div class='ocr_carea' id='block_1_15' title="bbox 344 1954 1150 3232">
    <p class='ocr_par' dir='ltr' id='par_1_15' title="bbox 344 1954 1150 2587">
     <span class='ocr_line' id='line_1_35' title="bbox 344 1954 1147 2007; baseline -0.004 -10"><span class='ocrx_word' id='word_1_137' title='bbox 344 1970 419 1997; x_wconf 91' lang='grc' dir='ltr'>τας</span> <span class='ocrx_word' id='word_1_138' title='bbox 430 1956 667 2007; x_wconf 83' lang='grc' dir='ltr'>Ἑλληνιςτὶ</span> <span class='ocrx_word' id='word_1_139' title='bbox 682 1955 951 2004; x_wconf 86' lang='grc' dir='ltr'>διαλέγεςθαι</span> <span class='ocrx_word' id='word_1_140' title='bbox 967 1954 1034 1995; x_wconf 78' lang='grc' dir='ltr'>καὶ</span> <span class='ocrx_word' id='word_1_141' title='bbox 1045 1954 1147 1995; x_wconf 89' lang='grc' dir='ltr'>Ῥω-</span> 
     </span>
     <span class='ocr_line' id='line_1_36' title="bbox 346 2026 1150 2079; baseline -0.002 -11"><span class='ocrx_word' id='word_1_142' title='bbox 346 2029 480 2079; x_wconf 83' lang='grc' dir='ltr'>μαϊςτὶ</span> <span class='ocrx_word' id='word_1_143' title='bbox 508 2029 608 2079; x_wconf 83' lang='grc' dir='ltr'>μήτε</span> <span class='ocrx_word' id='word_1_144' title='bbox 638 2028 826 2079; x_wconf 85' lang='grc' dir='ltr'>εὐχερῶς</span> <span class='ocrx_word' id='word_1_145' title='bbox 854 2026 1056 2067; x_wconf 83' lang='grc' dir='ltr'>δύναςθαι</span> <span class='ocrx_word' id='word_1_146' title='bbox 1080 2026 1150 2067; x_wconf 87' lang='grc' dir='ltr'>διὰ</span> 
     </span>
     <span class='ocr_line' id='line_1_37' title="bbox 344 2100 1149 2152; baseline -0.004 -10"><span class='ocrx_word' id='word_1_147' title='bbox 344 2102 421 2152; x_wconf 86' lang='grc' dir='ltr'>τὴν</span> <span class='ocrx_word' id='word_1_148' title='bbox 455 2101 704 2151; x_wconf 88' lang='grc' dir='ltr'>δυςχέρειαν</span> <span class='ocrx_word' id='word_1_149' title='bbox 731 2101 798 2141; x_wconf 84' lang='grc' dir='ltr'>καὶ</span> <span class='ocrx_word' id='word_1_150' title='bbox 825 2100 1149 2150; x_wconf 83' lang='grc' dir='ltr'>πολυπληθειαν</span> 
     </span>
     <span class='ocr_line' id='line_1_38' title="bbox 780 2170 1149 2222; baseline -0.005 -9"><span class='ocrx_word' id='word_1_151' title='bbox 780 2172 858 2213; x_wconf 86' lang='grc' dir='ltr'>οὐκ</span> <span class='ocrx_word' id='word_1_152' title='bbox 915 2170 1149 2222; x_wconf 86' lang='grc' dir='ltr'>ἐφειςάμην</span> 
     </span>
     <span class='ocr_line' id='line_1_39' title="bbox 346 2243 1149 2296; baseline -0.002 -10"><span class='ocrx_word' id='word_1_153' title='bbox 346 2248 475 2287; x_wconf 80' lang='grc' dir='ltr'>τοῦτο</span> <span class='ocrx_word' id='word_1_154' title='bbox 540 2248 709 2296; x_wconf 84' lang='grc' dir='ltr'>ποιῆςαι</span> <span class='ocrx_word' id='word_1_155' title='bbox 773 2244 845 2285; x_wconf 88' lang='grc' dir='ltr'>ἵνα</span> <span class='ocrx_word' id='word_1_156' title='bbox 908 2244 955 2285; x_wconf 91' lang='grc' dir='ltr'>ἐν</span> <span class='ocrx_word' id='word_1_157' title='bbox 1018 2243 1149 2294; x_wconf 88' lang='grc' dir='ltr'>τριςὶν</span> 
     </span>
     <span class='ocr_line' id='line_1_40' title="bbox 348 2314 1148 2369; baseline -0.003 -11"><span class='ocrx_word' id='word_1_158' title='bbox 348 2317 521 2369; x_wconf 80' lang='grc' dir='ltr'>βιβλίοις</span> <span class='ocrx_word' id='word_1_159' title='bbox 579 2316 956 2367; x_wconf 82' lang='grc' dir='ltr'>ἑρμηνευματικοῑς</span> <span class='ocrx_word' id='word_1_160' title='bbox 1007 2314 1148 2356; x_wconf 88' lang='grc' dir='ltr'>πάντα</span> 
     </span>
     <span class='ocr_line' id='line_1_41' title="bbox 344 2386 1148 2441; baseline -0.002 -11"><span class='ocrx_word' id='word_1_161' title='bbox 344 2390 397 2430; x_wconf 87' lang='grc' dir='ltr'>τὰ</span> <span class='ocrx_word' id='word_1_162' title='bbox 424 2389 588 2441; x_wconf 80' lang='grc' dir='ltr'>ῥήματα</span> <span class='ocrx_word' id='word_1_163' title='bbox 610 2387 930 2439; x_wconf 87' lang='grc' dir='ltr'>ςυγγράψωμαι.</span> <span class='ocrx_word' id='word_1_164' title='bbox 965 2386 1148 2439; x_wconf 84' lang='grc' dir='ltr'>ἄρχομαι</span> 
     </span>
     <span class='ocr_line' id='line_1_42' title="bbox 345 2458 1146 2514; baseline -0.004 -11"><span class='ocrx_word' id='word_1_165' title='bbox 345 2461 529 2513; x_wconf 77' lang='grc' dir='ltr'>γράφειν</span> <span class='ocrx_word' id='word_1_166' title='bbox 556 2460 643 2502; x_wconf 86' lang='grc' dir='ltr'>ἀπὸ</span> <span class='ocrx_word' id='word_1_167' title='bbox 671 2459 791 2512; x_wconf 85' lang='grc' dir='ltr'>ἄλφα</span> <span class='ocrx_word' id='word_1_168' title='bbox 813 2460 894 2501; x_wconf 76' lang='grc' dir='ltr'>ἕως</span> <span class='ocrx_word' id='word_1_169' title='bbox 916 2463 963 2502; x_wconf 69' lang='grc' dir='ltr'>ὦ.</span> <span class='ocrx_word' id='word_1_170' title='bbox 1009 2458 1146 2514; x_wconf 85' lang='grc' dir='ltr'>ἀγαθῇ</span> 
     </span>
     <span class='ocr_line' id='line_1_43' title="bbox 344 2533 753 2587; baseline 0 -14"><span class='ocrx_word' id='word_1_171' title='bbox 344 2533 460 2587; x_wconf 85' lang='grc' dir='ltr'>τύχῃ.</span> <span class='ocrx_word' id='word_1_172' title='bbox 513 2533 603 2575; x_wconf 80' lang='grc' dir='ltr'>θεοὶ</span> <span class='ocrx_word' id='word_1_173' title='bbox 634 2533 753 2574; x_wconf 87' lang='grc' dir='ltr'>ἵλεοι.</span> 
     </span>
    </p>

    <p class='ocr_par' dir='ltr' id='par_1_16' title="bbox 345 2604 1147 3232">
     <span class='ocr_line' id='line_1_44' title="bbox 361 2604 1146 2656; baseline -0.001 -10"><span class='ocrx_word' id='word_1_174' title='bbox 361 2604 599 2656; x_wconf 85' lang='grc' dir='ltr'>Καθηγητά,</span> <span class='ocrx_word' id='word_1_175' title='bbox 646 2607 780 2656; x_wconf 84' lang='grc' dir='ltr'>χαῖρε.</span> <span class='ocrx_word' id='word_1_176' title='bbox 845 2605 990 2656; x_wconf 89' lang='grc' dir='ltr'>ἐπειδὴ</span> <span class='ocrx_word' id='word_1_177' title='bbox 1035 2605 1146 2646; x_wconf 84' lang='grc' dir='ltr'>θέλω</span> 
     </span>
     <span class='ocr_line' id='line_1_45' title="bbox 345 2675 1145 2727; baseline 0 -10"><span class='ocrx_word' id='word_1_178' title='bbox 345 2677 413 2717; x_wconf 84' lang='grc' dir='ltr'>καὶ</span> <span class='ocrx_word' id='word_1_179' title='bbox 464 2677 559 2718; x_wconf 84' lang='grc' dir='ltr'>λίαν</span> <span class='ocrx_word' id='word_1_180' title='bbox 611 2677 800 2727; x_wconf 81' lang='grc' dir='ltr'>ἐπιθυμῶ</span> <span class='ocrx_word' id='word_1_181' title='bbox 853 2678 1005 2717; x_wconf 88' lang='grc' dir='ltr'>λαλεῖν</span> <span class='ocrx_word' id='word_1_182' title='bbox 1052 2675 1145 2717; x_wconf 87' lang='grc' dir='ltr'>Ἑλ-</span> 
     </span>
     <span class='ocr_line' id='line_1_46' title="bbox 345 2748 1146 2801; baseline -0.002 -11"><span class='ocrx_word' id='word_1_183' title='bbox 345 2750 503 2800; x_wconf 84' lang='grc' dir='ltr'>ληνιςτὶ</span> <span class='ocrx_word' id='word_1_184' title='bbox 541 2749 608 2789; x_wconf 79' lang='grc' dir='ltr'>καὶ</span> <span class='ocrx_word' id='word_1_185' title='bbox 642 2748 874 2801; x_wconf 87' lang='grc' dir='ltr'>Ῥωμαϊςτί,</span> <span class='ocrx_word' id='word_1_186' title='bbox 908 2748 1056 2799; x_wconf 81' lang='grc' dir='ltr'>ἐρωτῶ</span> <span class='ocrx_word' id='word_1_187' title='bbox 1091 2762 1146 2800; x_wconf 87' lang='grc' dir='ltr'>ςε,</span> 
     </span>
     <span class='ocr_line' id='line_1_47' title="bbox 345 2818 1145 2872; baseline -0.003 -9"><span class='ocrx_word' id='word_1_188' title='bbox 345 2820 556 2872; x_wconf 85' lang='grc' dir='ltr'>ἐπιςτάτα,</span> <span class='ocrx_word' id='word_1_189' title='bbox 590 2821 763 2864; x_wconf 79' lang='grc' dir='ltr'>δίδαξόν</span> <span class='ocrx_word' id='word_1_190' title='bbox 798 2835 859 2872; x_wconf 89' lang='grc' dir='ltr'>με.</span> <span class='ocrx_word' id='word_1_191' title='bbox 904 2818 1017 2871; x_wconf 87' lang='grc' dir='ltr'>Ἐγὼ</span> <span class='ocrx_word' id='word_1_192' title='bbox 1052 2834 1145 2862; x_wconf 92' lang='grc' dir='ltr'>ποι-</span> 
     </span>
     <span class='ocr_line' id='line_1_48' title="bbox 345 2892 1145 2948; baseline -0.001 -14"><span class='ocrx_word' id='word_1_193' title='bbox 345 2895 444 2946; x_wconf 89' lang='grc' dir='ltr'>ήςω,</span> <span class='ocrx_word' id='word_1_194' title='bbox 471 2892 547 2934; x_wconf 88' lang='grc' dir='ltr'>ἐάν</span> <span class='ocrx_word' id='word_1_195' title='bbox 575 2907 641 2943; x_wconf 89' lang='grc' dir='ltr'>μοι</span> <span class='ocrx_word' id='word_1_196' title='bbox 669 2893 890 2948; x_wconf 89' lang='grc' dir='ltr'>πρὸςςχῃς.</span> <span class='ocrx_word' id='word_1_197' title='bbox 936 2894 1145 2944; x_wconf 86' lang='grc' dir='ltr'>Προςέχω</span> 
     </span>
     <span class='ocr_line' id='line_1_49' title="bbox 347 2963 1146 3016; baseline -0.001 -10"><span class='ocrx_word' id='word_1_198' title='bbox 347 2978 408 3006; x_wconf 90' lang='grc' dir='ltr'>ςοι</span> <span class='ocrx_word' id='word_1_199' title='bbox 448 2965 670 3016; x_wconf 87' lang='grc' dir='ltr'>ἐπιμελῶς.</span> <span class='ocrx_word' id='word_1_200' title='bbox 733 2964 905 3016; x_wconf 86' lang='grc' dir='ltr'>Ἐπειδὴ</span> <span class='ocrx_word' id='word_1_201' title='bbox 945 2964 1023 3006; x_wconf 80' lang='grc' dir='ltr'>οὖν</span> <span class='ocrx_word' id='word_1_202' title='bbox 1057 2963 1146 3016; x_wconf 87' lang='grc' dir='ltr'>ὁρῶ</span> 
     </span>
     <span class='ocr_line' id='line_1_50' title="bbox 348 3036 1145 3088; baseline 0.001 -11"><span class='ocrx_word' id='word_1_203' title='bbox 348 3051 389 3078; x_wconf 91' lang='grc' dir='ltr'>ςε</span> <span class='ocrx_word' id='word_1_204' title='bbox 429 3036 585 3078; x_wconf 85' lang='grc' dir='ltr'>τούτου</span> <span class='ocrx_word' id='word_1_205' title='bbox 625 3039 701 3077; x_wconf 82' lang='grc' dir='ltr'>τοῦ</span> <span class='ocrx_word' id='word_1_206' title='bbox 739 3036 1006 3088; x_wconf 88' lang='grc' dir='ltr'>πράγματος,</span> <span class='ocrx_word' id='word_1_207' title='bbox 1049 3050 1145 3078; x_wconf 92' lang='grc' dir='ltr'>του-</span> 
     </span>
     <span class='ocr_line' id='line_1_51' title="bbox 345 3108 1147 3159; baseline 0 -10"><span class='ocrx_word' id='word_1_208' title='bbox 345 3109 481 3150; x_wconf 87' lang='grc' dir='ltr'>τέςτιν</span> <span class='ocrx_word' id='word_1_209' title='bbox 520 3108 676 3159; x_wconf 87' lang='grc' dir='ltr'>ταύτης</span> <span class='ocrx_word' id='word_1_210' title='bbox 708 3112 782 3159; x_wconf 82' lang='grc' dir='ltr'>τῆς</span> <span class='ocrx_word' id='word_1_211' title='bbox 815 3109 1040 3150; x_wconf 85' lang='grc' dir='ltr'>διαλέκτου</span> <span class='ocrx_word' id='word_1_212' title='bbox 1073 3112 1147 3159; x_wconf 89' lang='grc' dir='ltr'>τῆς</span> 
     </span>
     <span class='ocr_line' id='line_1_52' title="bbox 348 3179 1146 3232; baseline 0 -11"><span class='ocrx_word' id='word_1_213' title='bbox 348 3180 582 3231; x_wconf 88' lang='grc' dir='ltr'>λεγομένης</span> <span class='ocrx_word' id='word_1_214' title='bbox 613 3179 859 3231; x_wconf 84' lang='grc' dir='ltr'>Ῥωμαϊκῆς,</span> <span class='ocrx_word' id='word_1_215' title='bbox 891 3180 1146 3232; x_wconf 79' lang='grc' dir='ltr'>ἐπιθυμοῦν-</span> 
     </span>
    </p>
   </div>
   <div class='ocr_carea' id='block_1_16' title="bbox 345 2172 715 2224">
    <p class='ocr_par' dir='ltr' id='par_1_17' title="bbox 345 2172 715 2224">
     <span class='ocr_line' id='line_1_53' title="bbox 345 2172 715 2224; baseline 0.003 -11"><span class='ocrx_word' id='word_1_216' title='bbox 345 2175 432 2213; x_wconf 88' lang='grc' dir='ltr'>τῶν</span> <span class='ocrx_word' id='word_1_217' title='bbox 496 2172 715 2224; x_wconf 81' lang='grc' dir='ltr'>ῥημάτων,</span> 
     </span>
    </p>
   </div>
   <div class='ocr_carea' id='block_1_17' title="bbox 1318 1793 1922 1837">
    <p class='ocr_par' dir='ltr' id='par_1_18' title="bbox 1318 1793 1922 1837">
     <span class='ocr_line' id='line_1_54' title="bbox 1318 1793 1922 1837; baseline -0.003 0"><span class='ocrx_word' id='word_1_218' title='bbox 1318 1793 1922 1837; x_wconf 80' lang='lat' dir='ltr'><strong>INTERPRETAMENTA.</strong></span> 
     </span>
    </p>
   </div>
   <div class='ocr_carea' id='block_1_18' title="bbox 316 1876 2056 1935">
    <p class='ocr_par' dir='ltr' id='par_1_19' title="bbox 316 1876 2056 1935">
     <span class='ocr_line' id='line_1_55' title="bbox 316 1876 2056 1935; baseline -0.004 -10"><span class='ocrx_word' id='word_1_219' title='bbox 316 1919 322 1924; x_wconf 89' lang='lat'>.</span> <span class='ocrx_word' id='word_1_220' title='bbox 358 1883 528 1935; x_wconf 80' lang='grc' dir='ltr'>Ἐπειδὴ</span> <span class='ocrx_word' id='word_1_221' title='bbox 558 1882 646 1934; x_wconf 88' lang='grc' dir='ltr'>ὁρῶ</span> <span class='ocrx_word' id='word_1_222' title='bbox 673 1883 865 1923; x_wconf 83' lang='grc' dir='ltr'>πολλοὺς</span> <span class='ocrx_word' id='word_1_223' title='bbox 893 1882 1147 1932; x_wconf 59' lang='grc' dir='ltr'>ἐπιθυμοῦνι</span> <span class='ocrx_word' id='word_1_224' title='bbox 1192 1882 1227 1921; x_wconf 81' lang='lat'>1.</span> <span class='ocrx_word' id='word_1_225' title='bbox 1262 1879 1475 1929; x_wconf 76' lang='lat' dir='ltr'>Quoniam</span> <span class='ocrx_word' id='word_1_226' title='bbox 1502 1879 1628 1920; x_wconf 86' lang='lat' dir='ltr'>uideo</span> <span class='ocrx_word' id='word_1_227' title='bbox 1652 1878 1812 1920; x_wconf 86' lang='lat' dir='ltr'>multos</span> <span class='ocrx_word' id='word_1_228' title='bbox 1834 1876 2056 1933; x_wconf 86' lang='lat' dir='ltr'>cupientes</span> 
     </span>
    </p>
   </div>
   <div class='ocr_carea' id='block_1_19' title="bbox 1247 1949 2055 2512">
    <p class='ocr_par' dir='ltr' id='par_1_20' title="bbox 1247 1949 2055 2512">
     <span class='ocr_line' id='line_1_56' title="bbox 1250 1949 2055 2007; baseline -0.004 -14"><span class='ocrx_word' id='word_1_229' title='bbox 1250 1951 1411 1993; x_wconf 79' lang='lat' dir='ltr'>Graece</span> <span class='ocrx_word' id='word_1_230' title='bbox 1452 1951 1671 2007; x_wconf 86' lang='lat' dir='ltr'>disputare</span> <span class='ocrx_word' id='word_1_231' title='bbox 1712 1953 1754 1992; x_wconf 92' lang='lat' dir='ltr'>et</span> <span class='ocrx_word' id='word_1_232' title='bbox 1792 1949 1946 1992; x_wconf 90' lang='lat' dir='ltr'>Latine</span> <span class='ocrx_word' id='word_1_233' title='bbox 1985 1964 2055 1991; x_wconf 87' lang='lat' dir='ltr'>ne-</span> 
     </span>
     <span class='ocr_line' id='line_1_57' title="bbox 1249 2021 2055 2079; baseline -0.002 -14"><span class='ocrx_word' id='word_1_234' title='bbox 1249 2039 1331 2079; x_wconf 85' lang='lat' dir='ltr'>que</span> <span class='ocrx_word' id='word_1_235' title='bbox 1384 2024 1509 2065; x_wconf 87' lang='lat' dir='ltr'>facile</span> <span class='ocrx_word' id='word_1_236' title='bbox 1554 2039 1680 2079; x_wconf 80' lang='lat' dir='ltr'>posse</span> <span class='ocrx_word' id='word_1_237' title='bbox 1725 2025 1903 2078; x_wconf 86' lang='lat' dir='ltr'>propter</span> <span class='ocrx_word' id='word_1_238' title='bbox 1948 2021 2055 2063; x_wconf 85' lang='lat' dir='ltr'>diffi-</span> 
     </span>
     <span class='ocr_line' id='line_1_58' title="bbox 1250 2095 2055 2138; baseline -0.002 0"><span class='ocrx_word' id='word_1_239' title='bbox 1250 2097 1456 2138; x_wconf 75' lang='lat' dir='ltr'>cultatem</span> <span class='ocrx_word' id='word_1_240' title='bbox 1503 2099 1544 2137; x_wconf 91' lang='lat' dir='ltr'>et</span> <span class='ocrx_word' id='word_1_241' title='bbox 1590 2095 1915 2137; x_wconf 72' lang='lat' dir='ltr'>multitudinem</span> <span class='ocrx_word' id='word_1_242' title='bbox 1963 2109 2055 2136; x_wconf 89' lang='lat' dir='ltr'>uer-</span> 
     </span>
     <span class='ocr_line' id='line_1_59' title="bbox 1249 2166 2054 2224; baseline -0.001 -16"><span class='ocrx_word' id='word_1_243' title='bbox 1249 2169 1420 2224; x_wconf 84' lang='lat' dir='ltr'>borum,</span> <span class='ocrx_word' id='word_1_244' title='bbox 1462 2184 1550 2210; x_wconf 90' lang='lat' dir='ltr'>non</span> <span class='ocrx_word' id='word_1_245' title='bbox 1588 2167 1761 2224; x_wconf 76' lang='lat' dir='ltr'>peperci</span> <span class='ocrx_word' id='word_1_246' title='bbox 1798 2167 1883 2209; x_wconf 90' lang='lat' dir='ltr'>hoc</span> <span class='ocrx_word' id='word_1_247' title='bbox 1914 2166 2054 2208; x_wconf 85' lang='lat' dir='ltr'>facere</span> 
     </span>
     <span class='ocr_line' id='line_1_60' title="bbox 1249 2222 2055 2294; baseline -0.001 -13"><span class='ocrx_word' id='word_1_248' title='bbox 1249 2243 1295 2281; x_wconf 91' lang='lat' dir='ltr'>ut</span> <span class='ocrx_word' id='word_1_249' title='bbox 1318 2241 1361 2281; x_wconf 89' lang='lat' dir='ltr'>in</span> <span class='ocrx_word' id='word_1_250' title='bbox 1383 2240 1524 2282; x_wconf 84' lang='lat' dir='ltr'>tribus</span> <span class='ocrx_word' id='word_1_251' title='bbox 1547 2240 1671 2282; x_wconf 84' lang='lat' dir='ltr'>libris</span> <span class='ocrx_word' id='word_1_252' title='bbox 1690 2222 2055 2294; x_wconf 70' lang='lat' dir='ltr'>interpretatoriis</span> 
     </span>
     <span class='ocr_line' id='line_1_61' title="bbox 1250 2311 2053 2366; baseline 0 -14"><span class='ocrx_word' id='word_1_253' title='bbox 1250 2312 1394 2353; x_wconf 88' lang='lat' dir='ltr'>omnia</span> <span class='ocrx_word' id='word_1_254' title='bbox 1420 2313 1554 2353; x_wconf 86' lang='lat' dir='ltr'>uerba</span> <span class='ocrx_word' id='word_1_255' title='bbox 1579 2312 1859 2354; x_wconf 87' lang='lat' dir='ltr'>conscribam.</span> <span class='ocrx_word' id='word_1_256' title='bbox 1894 2311 2053 2366; x_wconf 87' lang='lat' dir='ltr'>incipio</span> 
     </span>
     <span class='ocr_line' id='line_1_62' title="bbox 1249 2383 2054 2440; baseline -0.001 -15"><span class='ocrx_word' id='word_1_257' title='bbox 1249 2384 1435 2426; x_wconf 85' lang='lat' dir='ltr'>scribere</span> <span class='ocrx_word' id='word_1_258' title='bbox 1476 2385 1528 2425; x_wconf 88' lang='lat' dir='ltr'>ab</span> <span class='ocrx_word' id='word_1_259' title='bbox 1566 2385 1651 2425; x_wconf 84' lang='lat' dir='ltr'>alfa</span> <span class='ocrx_word' id='word_1_260' title='bbox 1684 2399 1818 2440; x_wconf 87' lang='lat' dir='ltr'>usque</span> <span class='ocrx_word' id='word_1_261' title='bbox 1852 2399 1888 2425; x_wconf 93' lang='lat' dir='ltr'>o.</span> <span class='ocrx_word' id='word_1_262' title='bbox 1939 2383 2054 2425; x_wconf 86' lang='lat' dir='ltr'>bona</span> 
     </span>
     <span class='ocr_line' id='line_1_63' title="bbox 1247 2456 1767 2512; baseline 0 -14"><span class='ocrx_word' id='word_1_263' title='bbox 1247 2457 1432 2499; x_wconf 85' lang='lat' dir='ltr'>fortuna.</span> <span class='ocrx_word' id='word_1_264' title='bbox 1486 2457 1545 2498; x_wconf 88' lang='lat' dir='ltr'>dii</span> <span class='ocrx_word' id='word_1_265' title='bbox 1578 2456 1767 2512; x_wconf 88' lang='lat' dir='ltr'>propitii.</span> 
     </span>
    </p>
   </div>
   <div class='ocr_carea' id='block_1_20' title="bbox 1188 2599 2052 2657">
    <p class='ocr_par' dir='ltr' id='par_1_21' title="bbox 1188 2599 2052 2657">
     <span class='ocr_line' id='line_1_64' title="bbox 1188 2599 2052 2657; baseline -0.001 -15"><span class='ocrx_word' id='word_1_266' title='bbox 1188 2609 1198 2621; x_wconf 68' lang='lat'>⁸</span> <span class='ocrx_word' id='word_1_267' title='bbox 1219 2636 1224 2642; x_wconf 96' lang='lat'>.</span> <span class='ocrx_word' id='word_1_268' title='bbox 1259 2601 1528 2657; x_wconf 78' lang='lat' dir='ltr'>Praeceptor,</span> <span class='ocrx_word' id='word_1_269' title='bbox 1554 2601 1676 2643; x_wconf 88' lang='lat' dir='ltr'>haue.</span> <span class='ocrx_word' id='word_1_270' title='bbox 1721 2600 1925 2655; x_wconf 85' lang='lat' dir='ltr'>quoniam</span> <span class='ocrx_word' id='word_1_271' title='bbox 1951 2599 2052 2642; x_wconf 89' lang='lat' dir='ltr'>uolo</span> 
     </span>
    </p>
   </div>
   <div class='ocr_carea' id='block_1_21' title="bbox 1244 2671 2052 3234">
    <p class='ocr_par' dir='ltr' id='par_1_22' title="bbox 1244 2671 2052 3234">
     <span class='ocr_line' id='line_1_65' title="bbox 1248 2671 2052 2729; baseline -0.004 -14"><span class='ocrx_word' id='word_1_272' title='bbox 1248 2676 1290 2715; x_wconf 91' lang='lat' dir='ltr'>et</span> <span class='ocrx_word' id='word_1_273' title='bbox 1330 2674 1455 2715; x_wconf 86' lang='lat' dir='ltr'>ualde</span> <span class='ocrx_word' id='word_1_274' title='bbox 1496 2673 1622 2729; x_wconf 89' lang='lat' dir='ltr'>cupio</span> <span class='ocrx_word' id='word_1_275' title='bbox 1660 2672 1781 2727; x_wconf 90' lang='lat' dir='ltr'>loqui</span> <span class='ocrx_word' id='word_1_276' title='bbox 1815 2671 1975 2713; x_wconf 85' lang='lat' dir='ltr'>Graece</span> <span class='ocrx_word' id='word_1_277' title='bbox 2009 2674 2052 2712; x_wconf 88' lang='lat' dir='ltr'>et</span> 
     </span>
     <span class='ocr_line' id='line_1_66' title="bbox 1247 2744 2050 2802; baseline -0.001 -15"><span class='ocrx_word' id='word_1_278' title='bbox 1247 2746 1418 2802; x_wconf 77' lang='lat' dir='ltr'>Latine,</span> <span class='ocrx_word' id='word_1_279' title='bbox 1451 2761 1559 2802; x_wconf 81' lang='lat' dir='ltr'>rogo</span> <span class='ocrx_word' id='word_1_280' title='bbox 1592 2748 1653 2801; x_wconf 86' lang='lat' dir='ltr'>te,</span> <span class='ocrx_word' id='word_1_281' title='bbox 1685 2744 1911 2801; x_wconf 83' lang='lat' dir='ltr'>magister,</span> <span class='ocrx_word' id='word_1_282' title='bbox 1947 2744 2050 2786; x_wconf 90' lang='lat' dir='ltr'>doce</span> 
     </span>
     <span class='ocr_line' id='line_1_67' title="bbox 1246 2816 2047 2875; baseline -0.002 -15"><span class='ocrx_word' id='word_1_283' title='bbox 1246 2833 1325 2860; x_wconf 93' lang='lat' dir='ltr'>me.</span> <span class='ocrx_word' id='word_1_284' title='bbox 1371 2818 1469 2875; x_wconf 81' lang='lat' dir='ltr'>Ego</span> <span class='ocrx_word' id='word_1_285' title='bbox 1491 2817 1658 2873; x_wconf 85' lang='lat' dir='ltr'>faciam,</span> <span class='ocrx_word' id='word_1_286' title='bbox 1686 2816 1721 2859; x_wconf 89' lang='lat' dir='ltr'>si</span> <span class='ocrx_word' id='word_1_287' title='bbox 1742 2832 1810 2858; x_wconf 92' lang='lat' dir='ltr'>me</span> <span class='ocrx_word' id='word_1_288' title='bbox 1831 2816 2047 2858; x_wconf 85' lang='lat' dir='ltr'>adtendas.</span> 
     </span>
     <span class='ocr_line' id='line_1_68' title="bbox 1245 2888 2050 2946; baseline -0.002 -14"><span class='ocrx_word' id='word_1_289' title='bbox 1245 2890 1445 2932; x_wconf 87' lang='lat' dir='ltr'>Adtendo</span> <span class='ocrx_word' id='word_1_290' title='bbox 1490 2892 1590 2946; x_wconf 82' lang='lat' dir='ltr'>&lt;te&gt;</span> <span class='ocrx_word' id='word_1_291' title='bbox 1636 2889 1878 2946; x_wconf 81' lang='lat' dir='ltr'>diligenter.</span> <span class='ocrx_word' id='word_1_292' title='bbox 1941 2888 2050 2939; x_wconf 81' lang='lat' dir='ltr'>Quo-</span> 
     </span>
     <span class='ocr_line' id='line_1_69' title="bbox 1244 2960 2050 3019; baseline -0.002 -15"><span class='ocrx_word' id='word_1_293' title='bbox 1244 2963 1362 3004; x_wconf 87' lang='lat' dir='ltr'>niam</span> <span class='ocrx_word' id='word_1_294' title='bbox 1408 2978 1512 3019; x_wconf 81' lang='lat' dir='ltr'>ergo</span> <span class='ocrx_word' id='word_1_295' title='bbox 1557 2962 1684 3004; x_wconf 88' lang='lat' dir='ltr'>uideo</span> <span class='ocrx_word' id='word_1_296' title='bbox 1726 2964 1769 3003; x_wconf 91' lang='lat' dir='ltr'>te</span> <span class='ocrx_word' id='word_1_297' title='bbox 1808 2961 1937 3003; x_wconf 88' lang='lat' dir='ltr'>huius</span> <span class='ocrx_word' id='word_1_298' title='bbox 1975 2960 2050 3016; x_wconf 87' lang='lat' dir='ltr'>rei,</span> 
     </span>
     <span class='ocr_line' id='line_1_70' title="bbox 1245 3033 2049 3090; baseline -0.002 -14"><span class='ocrx_word' id='word_1_299' title='bbox 1245 3035 1327 3076; x_wconf 84' lang='lat' dir='ltr'>hoc</span> <span class='ocrx_word' id='word_1_300' title='bbox 1348 3037 1413 3076; x_wconf 88' lang='lat' dir='ltr'>est</span> <span class='ocrx_word' id='word_1_301' title='bbox 1435 3034 1526 3076; x_wconf 84' lang='lat' dir='ltr'>eius</span> <span class='ocrx_word' id='word_1_302' title='bbox 1546 3033 1916 3090; x_wconf 84' lang='lat' dir='ltr'>interpretationis</span> <span class='ocrx_word' id='word_1_303' title='bbox 1941 3047 2049 3089; x_wconf 90' lang='lat' dir='ltr'>quae</span> 
     </span>
     <span class='ocr_line' id='line_1_71' title="bbox 1246 3105 2047 3161; baseline -0.001 -14"><span class='ocrx_word' id='word_1_304' title='bbox 1246 3106 1402 3148; x_wconf 87' lang='lat' dir='ltr'>dicitur</span> <span class='ocrx_word' id='word_1_305' title='bbox 1446 3106 1626 3148; x_wconf 86' lang='lat' dir='ltr'>Latinae</span> <span class='ocrx_word' id='word_1_306' title='bbox 1672 3105 1934 3161; x_wconf 87' lang='lat' dir='ltr'>cupientem,</span> <span class='ocrx_word' id='word_1_307' title='bbox 1982 3105 2047 3146; x_wconf 88' lang='lat' dir='ltr'>de-</span> 
     </span>
     <span class='ocr_line' id='line_1_72' title="bbox 1247 3177 2047 3234; baseline -0.003 -14"><span class='ocrx_word' id='word_1_308' title='bbox 1247 3179 1498 3221; x_wconf 84' lang='lat' dir='ltr'>monstrabo</span> <span class='ocrx_word' id='word_1_309' title='bbox 1550 3178 1649 3234; x_wconf 88' lang='lat' dir='ltr'>tibi,</span> <span class='ocrx_word' id='word_1_310' title='bbox 1705 3178 1787 3234; x_wconf 81' lang='lat' dir='ltr'>fili,</span> <span class='ocrx_word' id='word_1_311' title='bbox 1843 3177 2047 3233; x_wconf 87' lang='lat' dir='ltr'>quoniam</span> 
     </span>
    </p>
   </div>
  </div>
 </body>
</html>
