2164 3470
230 183 333 220 XXX
970 183 1242 219 PRAEFATIO

228 294 358 336 Liber
389 294 648 351 glossarum’
674 311 713 349 p.
741 293 861 349 251),
894 294 967 335 sed
1000 294 1165 336 adiecta
1197 297 1298 335 sunt
1330 294 1744 336 hermeneumata
1769 295 1985 338 Pseudo-

231 365 534 408 dositheana
574 381 659 408 non
698 380 832 420 pauca
871 380 1004 419 eaque
1044 380 1095 406 ex
1128 365 1382 407 collectione
1413 367 1566 422 petita,
1606 367 1778 422 qualem
1810 367 1987 409 exhibet

190 451 193 454 ’
232 437 365 478 codex
396 437 897 492 Montepessulanus.
951 436 1073 486 Quod
1105 436 1166 478 ita
1199 453 1242 479 30
1275 438 1433 480 habere
1466 439 1693 494 intelleges
1725 438 1792 480 vel
1825 453 1876 480 ex
1902 453 1987 480 una

231 509 310 550 hac
345 509 450 551 serie
484 525 590 564 quae
624 512 687 550 est
719 525 757 563 p.
786 510 884 563 504,
912 510 1088 551 213—35
1110 530 1165 543 =
1186 525 1224 564 p.
1253 511 1351 565 290,
1379 512 1566 552 33—44.

351 584 375 633 ξ
406 583 468 622 15.
520 581 660 636 Pergo
692 595 805 621 nunc
837 580 890 620 ad
922 580 1127 636 glossas
1152 580 1450 636 Vaticanas,
1484 597 1590 636 quas
1623 582 1735 623 edidi
1763 597 1814 623 ex
1840 581 1986 623 codice

232 652 441 694 Vaticano
462 652 659 693 Palatino
684 654 796 694 1773
825 652 982 694 saeculi
1001 652 1042 694 X
1068 652 1230 694 adscito
1255 653 1398 695 codice
1418 653 1628 695 Vaticano
1649 653 1848 695 Palatino
1872 655 1986 695 1774

231 724 388 765 saeculi
414 723 525 765 XIII.
577 723 641 765 De
674 723 742 765 his
775 724 994 766 codicibus
1027 724 1077 766 cf.
1112 740 1219 780 quae
1254 725 1431 780 exposui
1465 726 1508 767 in
1541 725 1902 767 commentatione
1935 725 1986 766 de

230 796 341 837 libro
369 797 610 852 glossarum
637 796 796 851 scripta
821 813 859 851 p.
883 798 967 839 228
997 800 1038 838 et
1065 798 1162 839 233.
1216 796 1384 839 Codicis
1406 797 1594 839 Palatini
1618 799 1731 840 1773
1755 796 1987 838 lectionem

231 868 465 909 secundum
511 868 891 910 Gundermanni
943 869 1225 925 apographon
1269 869 1590 924 exprimendam
1634 868 1795 911 curavi:
1848 868 1986 910 eidem

229 939 436 981 lectiones
462 939 648 980 Palatini
679 941 792 982 1773
826 940 1047 981 debentur.
1099 940 1240 981 Huius
1271 940 1372 981 libri
1406 941 1585 982 materia
1612 941 1846 983 secundum
1871 940 1986 981 hunc

231 1011 424 1052 ordinem
464 1011 671 1066 disposita
708 1014 789 1052 est:
829 1011 882 1066 G,
908 1011 945 1066 Ι,
972 1011 1028 1066 K,
1055 1011 1106 1067 L,
1132 1012 1194 1066 Μ,
1220 1011 1279 1067 N,
1307 1011 1358 1066 Τ,
1386 1012 1434 1067 Z3
1472 1012 1646 1054 initium
1679 1012 1815 1068 igitur
1844 1011 1986 1067 periit.

231 1082 337 1124 Post
358 1082 401 1124 N
433 1082 623 1124 litteram
649 1083 753 1124 haec
778 1083 1000 1138 leguntur:
1029 1083 1230 1124 ‘Litteras
1256 1083 1475 1138 alphabeti
1503 1086 1730 1138 sequentes
1757 1084 1987 1125 secundam

232 1169 404 1209 grecam
431 1154 744 1209 expositionem
769 1169 857 1196 non
877 1154 1118 1196 invenimus
1145 1154 1189 1196 in
1217 1155 1532 1210 exemplaribus
1558 1158 1728 1210 praeter
1747 1158 1765 1196 t
1785 1171 1806 1196 z
1827 1158 1870 1197 et
1890 1155 1985 1197 ideo

231 1228 248 1265 t
286 1225 431 1267 littera
469 1226 672 1281 sequitur.
735 1225 892 1281 Incipit
930 1226 1077 1268 littera
1115 1229 1132 1266 t
1173 1227 1406 1268 secundum
1438 1241 1610 1283 grecam
1643 1226 1986 1282 expositionem.'

232 1296 299 1337 Ex
337 1297 404 1339 his
442 1301 579 1353 patet,
616 1298 785 1340 lexicon
823 1298 1131 1353 transcriptum
1170 1313 1260 1339 esse
1294 1314 1345 1339 ex
1378 1298 1611 1353 exemplari
1643 1298 1813 1340 litteras
1843 1297 1987 1341 A—N

232 1369 479 1411 continente
519 1373 561 1411 et
599 1369 832 1411 secundum
871 1369 1053 1410 eundem
1092 1369 1164 1424 qui
1205 1373 1269 1411 est
1308 1370 1351 1411 in
1387 1372 1500 1412 1773
1541 1369 1734 1411 ordinem
1766 1370 1987 1425 disposito.

232 1439 281 1481 In
314 1441 456 1482 codice
492 1442 605 1483 1773
646 1442 750 1483 folia
786 1441 955 1483 15—21
990 1456 1124 1482 unum
1157 1441 1350 1483 efficiunt
1383 1441 1728 1497 quaternionem,
1768 1438 1889 1484 cuius
1922 1457 1989 1484 ex-

232 1515 418 1554 tremum
449 1512 602 1554 folium
635 1513 824 1554 excisum
857 1515 938 1553 est:
972 1527 1068 1553 cum
1099 1512 1181 1553 hoc
1212 1513 1310 1554 finis
1335 1513 1369 1554 L
1401 1513 1572 1555 litterae
1606 1516 1648 1554 et
1676 1513 1848 1555 litterae
1875 1514 1920 1555 M
1945 1513 1989 1556 N

232 1584 464 1637 perierunt.

352 1656 557 1697 Tertius
595 1656 825 1697 earundem
858 1656 1101 1712 glossarum
1133 1656 1266 1698 codex
1299 1660 1363 1697 est
1398 1656 1849 1713 Cantabrigiensis
1882 1655 1986 1698 Gale

233 1743 308 1768 ms.
331 1727 376 1768 O.
399 1729 436 1769 5.
459 1729 515 1770 34
539 1727 742 1769 foliorum
762 1728 1186 1769 membranaceorum
1205 1743 1294 1769 non
1312 1731 1638 1769 numeratorum
1652 1727 1729 1785 (25
1745 1739 1801 1773 ><
1817 1729 1874 1771 34
1888 1726 1988 1785 cm.)

233 1813 337 1839 saec.
371 1797 582 1850 XHJXIII.
634 1798 874 1840 Praemissa
907 1802 971 1840 est
1004 1798 1167 1840 scidula
1199 1814 1296 1840 cum
1326 1799 1405 1840 hac
1432 1799 1730 1854 inscriptione:
1765 1799 1990 1854 Colleyium

235 1869 309 1912 SS.
355 1874 393 1912 et
433 1870 689 1912 Inclim‘duae
729 1871 953 1913 Trinitatis
996 1872 1042 1912 in
1079 1871 1308 1912 Academia
1348 1870 1690 1924 Cantabriyiensi.
1752 1869 1802 1911 In
1839 1869 1911 1912 fol.
1948 1872 1990 1913 1r

232 1941 438 1998 leguntur
474 1941 675 1983 hebraica
714 1957 847 1996 usque
881 1942 933 1982 ad
965 1941 1036 1983 fol.
1071 1943 1159 1996 29¹·;
1198 1957 1221 1982 a
1254 1941 1325 1983 fol.
1360 1944 1568 1984 :29r--39r
1599 1941 1642 1982 id
1673 1941 1815 1996 ipsum
1848 1944 1990 1983 exstat

236 2013 285 2053 de
328 2028 411 2068 quo
454 2013 599 2069 agitur
639 2013 915 2069 glossarium3
957 2013 1002 2055 in
1039 2014 1111 2055 fol.
1145 2016 1219 2055 4οΓ
1239 2029 1328 2068 sqq.
1368 2014 1554 2068 epitome
1592 2013 1694 2054 libri
1733 2013 1988 2070 glossarum,

234 2084 284 2124 de
331 2099 413 2139 qua
458 2084 562 2126 alibi
608 2084 791 2141 egimus3
837 2085 1019 2140 denique
1063 2085 1109 2126 in
1153 2086 1236 2126 fine
1275 2085 1421 2127 Pauli
1467 2085 1636 2141 glossae
1682 2084 1735 2126 ad
1776 2084 1989 2126 elementa

235 2155 487 2211 dispositae,
527 2159 569 2197 et
607 2158 823 2199 elucidatio
862 2158 1130 2200 obscurarum
1164 2157 1351 2209 partimn
1390 2156 1436 2197 in
1467 2155 1656 2211 quinque
1688 2155 1812 2198 libris
1844 2159 1988 2212 moysi.

235 2226 499 2269 Glossarium
533 2227 647 2282 quod
678 2231 912 2270 tractamus
942 2228 1003 2269 ita
1036 2227 1228 2283 explicit:
1263 2228 1421 2270 Nodios
1446 2229 1618 2282 modius,
1651 2228 1799 2271 Nanos
1822 2229 1987 2285 situlus,

236 2299 385 2351 Nipter
420 2300 583 2353 puluis,
628 2299 666 2340 h.
708 2315 740 2340 e.
787 2300 936 2341 eodem
981 2300 1069 2341 fere
1114 2299 1242 2341 modo
1287 2302 1416 2354 atque
1460 2298 1630 2354 glossae
1672 2299 1832 2342 codicis
1867 2300 1988 2342 Pala-

236 2370 316 2410 tini
352 2372 477 2412 1774.

354 2442 573 2492 Quartus
613 2442 794 2497 denique
833 2443 966 2484 codex
1005 2442 1262 2485 Oxoniensis
1302 2445 1384 2497 est,
1423 2442 1511 2484 cod.
1545 2442 1827 2485 Balliol.155
1866 2443 1989 2485 folio—

236 2528 331 2554 rum
358 2515 444 2555 204
476 2514 897 2556 membranaceorum
925 2513 1031 2570 (295
1053 2525 1108 2558 ><
1129 2512 1357 2569 400112111.)
1390 2513 1548 2555 saeculi
1574 2513 1687 2569 XIV,
1719 2513 1791 2569 qui
1818 2517 1991 2569 praeter

236 2584 318 2625 alia
363 2584 434 2641 (de
480 2585 635 2640 quibus
680 2586 729 2626 cf.
773 2585 1077 2627 commentatio
1118 2585 1168 2626 de
1206 2585 1319 2626 libro
1360 2585 1489 2641 gloss.
1529 2585 1688 2640 scripta
1724 2601 1764 2640 p.
1798 2583 1906 2642 252)
1943 2585 1989 2628 in

235 2655 306 2697 fol.
341 2656 554 2697 &ou—37¹·
598 2655 711 2697 idem
755 2656 1013 2711 glossarium
1058 2655 1250 2698 continet
1295 2659 1337 2697 et
1380 2656 1568 2711 primum
1610 2656 1783 2711 quidem
1819 2655 1990 2698 litteras

236 2726 772 2782 ABGDEZHKLMN,
812 2727 962 2768 deinde
1000 2727 1168 2769 litteras
1207 2727 1554 2770 OPRSTXYZ.
1616 2728 1806 2770 Litterae
1841 2727 1988 2770 A—-M

237 2798 325 2839 fere
357 2812 443 2838 non
477 2796 717 2852 discrepant
750 2813 773 2839 a
806 2798 949 2839 codice
977 2798 1341 2854 Cantabrigiensi3
1374 2798 1486 2840 idem
1519 2799 1570 2839 de
1596 2799 1722 2841 initio
1748 2799 1919 2842 litterae
1945 2799 1989 2841 N

237 2869 462 2911 dicendum
507 2871 588 2923 est3
632 2868 796 2924 reliqua
840 2885 938 2924 pars
977 2870 1106 2911 huius
1146 2869 1316 2911 litterae
1355 2873 1397 2910 et
1436 2885 1509 2911 eae
1548 2886 1656 2926 quae
1695 2873 1898 2913 secuntur
1935 2885 1987 2912 ex

237 2940 321 2982 alio
354 2942 473 2982 fonte
506 2940 694 2982 adiectae
727 2944 838 2996 sunt,
871 2941 1035 2983 scilicet
1067 2956 1119 2982 ex
1144 2940 1353 2996 glossario
1382 2941 1573 2983 eiusdem
1598 2942 1770 2998 generis
1796 2942 1911 2997 quod
1936 2956 1989 2983 ex

237 3011 381 3054 codice
413 3011 620 3053 Bernensi
660 3012 956 3067 expressimus.
1019 3012 1142 3053 Vnde
1181 3012 1497 3068 cognoscimus,
1536 3013 1617 3054 hoc
1652 3011 1911 3068 glossarium
1943 3012 1989 3055 in

239 3082 439 3125 omnibus
482 3097 589 3138 quos
632 3083 829 3127 novimus
873 3084 996 3126 libris
1041 3097 1239 3125 mancum
1284 3098 1386 3126 esse.
1457 3083 1657 3126 Ceterum
1701 3098 1987 3126 commemoro

242 3154 719 3211 Cantabrigiensem
747 3156 982 3211 inspexisse
1004 3153 1464 3211 Gundermannum,
1491 3155 1679 3197 codicem
1699 3154 1986 3196 Oxoniensem
