2302 3505
334 198 420 240 386

333 309 462 350 tertio
496 307 799 363 interrogauit,
832 307 945 361 quod
977 310 1188 349 monstru-

394 381 509 422 osius
549 396 639 422 6336
678 379 896 420 uideretur
941 378 1188 420 bestiarum.

392 457 452 507 τῷ
490 453 616 506 τρίτῳ
656 451 946 506 ἐπηρώτηςεν,
990 452 1028 492 τί
1066 466 1189 503 τερα-

390 526 654 575 τωδέςτερον
694 526 812 565 δοκεῖ
850 522 958 564 εἶναι
996 524 1084 564 τῶν
1116 527 1188 575 Θη-

391 597 504 647 ρίῳν.

330 667 367 708 13
415 667 540 721 dixit7
591 666 705 721 quod
754 681 880 707 nemo
927 665 1018 707 scit.
1071 666 1094 708 ὁ
1141 667 1187 708 δὲ

391 739 523 789 εἶπεν,
558 740 581 780 ὃ
615 739 756 780 οὐδεὶς
789 738 1017 780 ἐπίςταται.

330 813 482 865 quarto
535 810 839 866 interrogauit,
889 814 950 865 τῷ
998 810 1187 866 τετάρτῳ

389 883 676 937 ἐπηρώτηςεν,

329 969 458 1008 quare
502 968 695 1010 pugnare
734 953 1073 996 consiliarentur.
1119 955 1188 996 διὰ

387 1027 423 1068 τί
460 1027 660 1078 μάχεςΘαι
694 1027 1033 1079 ςυνβουλεύοιεν.

293 1114 308 1138 ·‚
329 1098 365 1139 is
398 1098 523 1153 (lixit,
556 1101 604 1140 ut
638 1098 744 1139 116116
778 1098 928 1139 uiuant
961 1101 1035 1140 aut
1067 1098 1186 1140 forti—

278 2412 310 2436 10

388 1174 454 1211 ter
485 1170 737 1212 moriantur.
783 1171 910 1213 οὗτος
945 1171 1082 1225 εἶπεν,
1114 1172 1185 1212 ἵνα

388 1246 529 1284 καλῶς
555 1244 731 1287 ζώςοιεν
752 1245 776 1295 ἢ
798 1244 976 1295 ἰςχυρῶς
997 1242 1185 1294 ἀποθνή-

389 1330 536 1357 ςκοιεν.

328 1386 479 1441 quinto
538 1386 842 1443 interrogauit,
900 1386 973 1441 qui
1023 1386 1187 1441 primus

388 1461 515 1499 natus
566 1461 648 1512 est,
698 1474 784 1500 nox
835 1461 909 1499 aut
956 1458 1076 1499 dies?
1126 1463 1186 1514 τῷ

388 1533 566 1586 πέμπτῳ
618 1531 854 1584 ἠρώτηςεν,
904 1531 965 1572 τίς
1016 1533 1187 1582 πρῶτος

388 1604 608 1658 ἐγεννήθη,
641 1604 713 1645 νὺξ
746 1605 770 1654 ἢ
804 1604 958 1656 ἡμέρα;

329 1674 364 1714 13
404 1673 511 1714 dixit
550 1677 721 1715 noctem
763 1689 891 1714 unam
930 1676 1028 1714 ante
1062 1673 1185 1714 diem.

388 1746 412 1787 ὁ
446 1748 492 1787 δέ
527 1746 645 1788 εἶπεν
678 1748 809 1788 νύκτα
842 1747 939 1798 μίαν
972 1746 1186 1797 πρότερον

387 1819 559 1870 ἡμέραν.

329 1892 449 1931 sexto
507 1890 810 1945 interrogauit,
871 1889 974 1944 quid
1031 1889 1186 1944 aliquis

388 1961 582 2002 faciendo
634 1962 769 2003 dulcis
817 1962 921 2003 fiat?
971 1965 1032 2017 τῷ
1078 1962 1185 2016 ἕκτῳ

388 2034 623 2086 ἠρώτηςεν,
663 2034 700 2074 τί
734 2033 786 2075 ἄν
821 2048 882 2075 τις
915 2036 1052 2076 ποιῶν
1084 2036 1184 2084 γλυ-

389 2107 460 2146 κὺς
492 2106 670 2159 γίνεται;

329 2176 365 2217 13
416 2176 541 2231 dixit,
591 2177 705 2231 quod
753 2192 840 2218 non
889 2176 1026 2231 possit
1077 2176 1186 2217 alius

389 2249 517 2289 homo
550 2249 699 2290 facere.
746 2249 872 2291 οὗτος
906 2249 1043 2300 εἶπεν,
1077 2249 1100 2289 ὃ
1135 2249 1185 2290 οὐ

389 2322 565 2362 δύναται
604 2320 734 2362 ἄλλος
773 2320 1000 2372 ἄνθρωπος
1034 2324 1186 2362 ποιεῖν.

330 2391 512 2446 septimo
552 2392 856 2447 interrogauit,
895 2392 998 2447 quid
1031 2392 1186 2447 aliquis

390 2463 583 2505 faciendo
618 2464 755 2505 bonus
786 2463 891 2505 fiat?
923 2468 983 2520 τῷ
1018 2465 1185 2519 ἑβδόμῳ

389 2536 616 2588 ἠρώτηςεν,
643 2536 680 2576 τί
708 2535 760 2578 ἄν
783 2550 843 2577 τις
865 2539 1004 2578 ποιῶν
1025 2535 1185 2586 ἀγαθὸς

391 2608 456 2648 καὶ
490 2609 617 2649 καλὸς
650 2608 830 2663 γίνοιτο;

332 2678 367 2719 13
400 2678 519 2733 dixit,
552 2678 623 2733 qui
658 2694 789 2733 quum
821 2682 974 2734 potens
1008 2682 1084 2734 est⁷
1116 2694 1185 2720 ne-

390 2749 495 2790 mini
523 2751 776 2791 metuendus
805 2750 872 2792 sit.
901 2751 1026 2793 οὗτος
1054 2751 1185 2803 εἶπεν,

392 2822 426 2863 εἰ
460 2822 484 2862 ὁ
518 2824 699 2864 δυνατὸς
726 2823 787 2864 ὢν
820 2824 964 2865 οὐδενὶ
998 2824 1186 2875 φοβερὸς

393 2892 466 2944 εἴη.

334 2967 485 3005 octauo
531 2964 832 3020 interrogauit,
883 2969 1029 3007 utrum
1074 2968 1186 3007 esset

391 3035 568 3090 firmius,
596 3052 710 3077 mors
731 3040 804 3078 aut
825 3037 926 3079 uita.
959 3042 1020 3093 τῷ
1041 3038 1185 3093 ὀγδόῳ

393 3108 675 3159 ἐπηρώτηςεν,
688 3110 873 3161 πότερόν
888 3110 998 3151 ἐςτιν
1013 3111 1187 3160 ςτερεώ-

392 3195 529 3231 τερον,
563 3180 746 3221 Θάνατος
778 3182 803 3232 ἢ
837 3183 935 3233 ζωή.

875 196 1296 232 HERMENEVMATA
1324 197 1565 233 STEPHANI

1227 307 1264 348 is
1297 307 1417 362 dixit,
1450 307 1552 349 uita:
1585 308 1712 351 οὗτος
1745 309 1876 361 εἶπεν,
1909 311 2008 362 Ζωή.

1227 395 1340 421 nono
1375 380 1678 436 interrogauit,
1713 395 1848 435 usque
1880 381 2083 435 quamdiu

1287 452 1400 494 bona
1438 455 1503 494 est
1543 452 1664 494 uita?
1709 452 1875 508 ἐννάτῳ
1918 453 2083 505 ἐπηρώ-

1287 539 1427 577 τηςεν,
1476 526 1556 567 ἕως
1601 525 1706 567 πότε
1752 526 1858 577 καλή
1904 524 2015 566 ἐςτιν
2058 525 2084 575 ἡ

1287 599 1393 652 Ζωή;

1227 668 1263 710 13
1302 668 1429 723 dixit,
1468 668 1601 710 donec
1639 667 1903 709 arbitrentur
1934 666 2085 709 utilius
2106 682 2139 708 15

1287 755 1390 782 esse.
1436 740 1563 782 οὗτος
1597 740 1732 793 εἶπεν,
1767 741 1849 782 ἕως
1883 740 1935 782 ἂν
1968 740 2083 791 λογί-

1288 827 1443 855 ςωνται
1476 815 1679 865 χρήςιμον
1712 812 1831 854 εἶναι.

1224 959 1451 1012 praecepta
1474 956 1519 997 in
1542 956 1723 1011 Delphis
1744 956 1797 996 ab
1818 955 2020 1010 Apolline
2039 955 2085 997 in

1285 1029 1483 1070 columna
1504 1027 1663 1083 scripta
1683 1030 1783 1069 sunt
1806 1042 1927 1069 secus
1942 1027 2085 1069 deum:

1284 1102 1621 1152 παραγγέλματα
1660 1101 1706 1142 ἐν
1740 1101 1937 1152 Δελφοῖς
1970 1100 2086 1152 παρὰ

1283 1176 1360 1214 τοῦ
1394 1172 1666 1215 Ἀπόλλωνος
1709 1173 1777 1214 ἐπὶ
1815 1174 1892 1213 τοῦ
1931 1171 2085 1213 ςτύλου

1284 1246 1557 1297 γεγραμμένα
1615 1244 1716 1286 εἰςὶν
1772 1243 1952 1296 πληςίον
2006 1246 2084 1285 τοῦ

1286 1320 1408 1360 Θεοῦ·

1226 1389 1351 1429 deum
1386 1388 1488 1429 cole.
1522 1389 1624 1430 Θεὸν
1658 1390 1792 1440 ςέβου.

1226 1463 1425 1516 parentes
1458 1474 1664 1502 reuerere.
1698 1463 1841 1510 γονεῖς
1875 1460 2011 1512 ςέβου.

1225 1532 1352 1573 lauda
1385 1533 1507 1573 bona.
1541 1533 1719 1574 ἐπαίνου
1753 1532 1805 1573 τὰ
1837 1531 1956 1574 καλά.

1225 1604 1509 1659 philosophus
1543 1606 1645 1645 esto.
1680 1603 1922 1656 φιλόςοφος
1953 1602 2046 1646 ῗςΘι.

1227 1677 1411 1718 inuidias
1443 1691 1606 1717 amoue.
1641 1676 1810 1728 φθόνου
1844 1674 2021 1726 ἀπέχου.

1224 1750 1387 1790 111111616
1421 1748 1575 1804 cogita.
1609 1751 1760 1799 γαμεῖν
1796 1747 2015 1800 βουλεύου.

1225 1820 1519 1862 badimonium
1552 1820 1665 1875 fuge.
1700 1819 1858 1871 ἐγγύην
1891 1822 2038 1871 φεῦγε.

1225 1908 1434 1949 cognosce
1468 1895 1521 1933 te.
1554 1894 1687 1942 γνῶΘι
1720 1890 1908 1933 ςεαυτόν.

1225 1965 1368 2020 turpia
1400 1966 1513 2020 fuge.
1549 1965 1697 2015 αἰςχρὰ
1730 1966 1876 2015 φεῦγε.

1224 2040 1382 2078 testare
1416 2036 1539 2078 iusta.
1575 2036 1756 2087 μάρτυρε
1790 2036 1842 2076 τὰ
1875 2034 2025 2076 δίκαια.

1224 2108 1479 2150 industriam
1499 2109 1679 2162 praesta.
1697 2106 1961 2159 φιλοπονίαν
1979 2105 2082 2157 πάρ-

1284 2195 1366 2233 εχε.

1224 2253 1427 2293 damnum
1459 2266 1572 2292 caue.
1607 2251 1756 2303 Ζημίαν
1789 2250 1955 2302 φείδου.

1225 2324 1391 2365 lucrum
1423 2326 1532 2364 tene.
1566 2325 1715 2374 κέρδος
1747 2321 1901 2374 κράτει.

1225 2410 1390 2437 morere
1430 2397 1667 2449 propterea.
1708 2397 1841 2436 Θανοῦ
1875 2393 1927 2435 δι’
1961 2393 2078 2435 αὐτά.
2100 2405 2135 2430 30

1225 2467 1371 2508 dolum
1404 2470 1559 2508 metue.
1593 2467 1645 2508 τὰ
1678 2465 1802 2507 δόλια
1836 2468 1989 2517 φοβοῦ.

1224 2540 1382 2580 famam
1416 2539 1572 2580 bonam
1603 2537 1726 2578 habe.
1769 2539 1915 2589 φήμην
1947 2538 2081 2588 καλὴν

1284 2611 1367 2662 ἔχε.

1224 2682 1441 2724 fortunam
1473 2684 1588 2736 puta.
1621 2681 1751 2733 τύχην
1783 2680 1936 2732 νόμιζε.

1224 2753 1544 2795 contentionem
1560 2752 1640 2794 odi.
1654 2752 1920 2804 φιλονεικίαν
1932 2754 2079 2804 φεῦγε.

1224 2824 1324 2866 filiis
1357 2825 1529 2880 impera.
1563 2825 1725 2866 τέκνοις
1759 2823 1963 2865 ἐπίταςςε.

1224 2896 1491 2937 multitudini
1524 2895 1655 2950 place.
1689 2895 1867 2949 ὀχληρίᾳ
1899 2893 2059 2946 ἄρεςκε.

1223 2967 1439 3008 neminem
1472 2969 1708 3008 contemne.
1742 2966 1921 3008 οὐδενὸς
1954 2979 2078 3006 κατα-

2104 1616 2138 1641 20

2099 2833 2133 2859 35

1284 3039 1448 3091 φρόνει.

1224 3110 1394 3165 legibus
1426 3125 1538 3164 pare.
1573 3109 1717 3161 νόμοις
1750 3111 1887 3151 πιθοῦ.

1225 3181 1322 3222 uide
1355 3182 1510 3222 futura.
1547 3183 1674 3234 βλέπε
1707 3181 1760 3222 τὰ
1793 3181 2016 3231 μέλλοντα.
