2164 3470
874 156 1145 193 PRAEFATIO
1818 158 1882 192 XV

136 269 259 311 alteri
275 268 620 324 subiungendum
632 267 848 325 (apposita
862 267 1071 322 particula
1084 264 1329 322 ITERVM)
1342 266 1593 307 existimavi.
1622 266 1886 308 Glossarium

137 344 281 382 autem
307 339 529 396 appellavi,
556 339 670 393 quod
696 354 830 380 unum
849 339 1165 393 'exemplarium
1192 337 1515 392 inscriptionem
1542 337 1669 378 istam
1698 338 1887 393 haberet,

138 412 402 454 Glossarium
442 410 556 451 beati
595 409 837 465 Benedicti,
874 410 1044 451 abbatis
1077 409 1369 451 Floriacensis.
1433 410 1568 458 Quem
1606 409 1782 450 titulum
1821 425 1887 450 ex-

137 483 242 538 cipit
279 483 368 536 1110,
406 481 536 523 Liber
574 479 738 535 primus
772 479 1019 522 Glossarum
1053 482 1321 523 Graecarum.
1383 479 1611 535 Primaque
1650 483 1749 521 sunt
1784 481 1917 521 haec‘

137 555 284 609 verba,
325 553 389 594 De
428 551 770 605 conversatione,
813 554 909 603 περὶ
948 557 1307 605 ευναναετροφῆε.
1371 550 1667 606 conversatio,
1709 566 1887 594 (υνανα-

139 635 314 678 ετροφη.
377 623 492 678 Dies,
524 624 670 674 ἡμέρα.
734 622 819 677 Sol,
850 623 980 674 ἥλιος.
1044 622 1175 665 Ortus
1208 626 1284 678 est,
1317 623 1546 666 ἀνέτειλεν.
1610 622 1721 664 Solis
1757 625 1889 677 ortus,

136 697 260 748 ἡλίου
293 695 494 747 ἀνατολὴ.
555 693 719 735 Eadem
756 708 856 735 vero
890 693 933 734 in
966 693 1049 735 alio
1083 709 1251 749 quoque
1285 694 1515 749 exemplari
1548 694 1772 749 habentur,
1803 708 1889 735 non

139 767 184 809 in
222 766 433 822 principio
472 769 635 819 tamen⁷
673 765 747 806 sed
779 765 890 806 circa
922 765 1126 806 medium:
1171 781 1319 806 verum
1351 765 1411 806 ibi
1445 766 1527 807 ista
1559 767 1747 820 praefixa
1779 768 1891 819 sunt,

138 838 386 890 Ἀρχώμεθα
418 837 603 889 γράφειν
629 837 732 888 ὅλη(
758 841 832 888 τῆ(
858 838 1015 888 ἡμέρας
1042 836 1328 889 ἀναστροφήν.
1380 836 1544 886 Quibus
1571 837 1890 893 subiunguntur

140 909 288 951 eadem
320 909 395 950 illa
428 908 569 963 verba,
602 910 748 960 ἡμέρα,
781 909 913 959 ἥλιος,
946 908 1175 960 ἀνέτειλεν,
1203 910 1280 949 etc.
1314 907 1463 948 itidem
1496 909 1774 962 praecedente
1800 908 1889 949 ubi-

141 996 222 1036 que
254 979 409 1022 Latina
440 977 806 1033 interpretatione.
870 978 982 1027 Quin
1015 978 1144 1019 etiam
1177 978 1222 1019 in
1255 981 1419 1019 certum
1445 979 1656 1033 quendam
1681 979 1891 1020 librorum

139 1066 367 1094 numerum
416 1050 522 1091 haec
569 1064 722 1102 vocum
766 1064 1015 1105 graecarum
1062 1050 1444 1105 interpretamenta
1489 1051 1533 1092 in
1578 1051 1892 1106 exemplaribus

141 1123 228 1165 illis
270 1122 536 1164 dividuntur:
581 1121 700 1163 cuius
747 1121 968 1163 divisionis
1006 1121 1218 1163 rationem
1257 1121 1433 1163 minime
1472 1122 1711 1164 habendam
1751 1122 1892 1163 existi-

141 1195 273 1236 mavi:
309 1209 357 1236 ac
387 1209 441 1235 ne
473 1193 631 1235 habere
664 1192 837 1248 quidem
867 1193 1008 1248 potui,
1048 1208 1180 1248 quum
1211 1207 1290 1234 nec
1323 1193 1465 1234 omnia
1497 1208 1605 1248 quae
1638 1193 1725 1235 illis
1757 1208 1893 1235 exem-

141 1266 334 1322 plaribus
366 1265 658 1319 continentur⁷
691 1264 870 1318 ederem,
903 1280 982 1306 1100
1015 1265 1195 1307 eundem
1227 1264 1424 1321 (propter
1455 1264 1574 1306 illam
1607 1280 1735 1320 quam
1765 1265 1893 1320 paulo

143 1340 241 1379 ante
274 1337 401 1378 attuli
433 1333 664 1391 rationem)
696 1335 889 1377 ordinem
921 1352 1143 1378 servarem.
1194 1335 1286 1378 Hlis
1318 1351 1425 1391 quae
1459 1336 1545 1377 dixi
1579 1337 1792 1392 capitibus
1822 1351 1894 1378 eos

144 1408 346 1450 subiunxi
378 1408 495 1450 locos
528 1407 601 1462 qui
634 1407 714 1448 sub
747 1407 929 1462 quadam
963 1407 1123 1464 dialogi
1156 1408 1294 1449 forma
1326 1407 1463 1448 multa
1494 1408 1700 1449 vocabula
1736 1408 1896 1449 habent

143 1480 197 1521 ad
233 1495 300 1522 res
332 1479 377 1521 in
409 1478 659 1534 quotidiano
693 1493 887 1520 sermone
921 1481 1191 1520 occurrentes
1223 1478 1499 1533 pertinentia:
1538 1493 1720 1533 quorum
1752 1482 1897 1520 tamen

143 1552 352 1594 nonnulla
376 1566 648 1613 nequaquam
674 1549 834 1605 passim
862 1553 1102 1605 occurrunt,
1129 1550 1203 1592 sed
1228 1550 1372 1605 potius
1398 1565 1505 1605 pene
1533 1553 1632 1591 sunt
1659 1550 1897 1607 incognita:

145 1623 426 1679 undecunque
471 1623 525 1664 ab
569 1621 698 1663 huius
742 1621 940 1677 glossarii
986 1624 1134 1663 autore
1177 1621 1429 1676 deprompta
1467 1621 1656 1663 fuerint.’
1719 1621 1899 1663 Duobus

145 1694 282 1751 igitur
326 1693 642 1749 exemplaribus
686 1707 789 1734 usus
833 1695 897 1734 est
936 1692 1243 1748 Stephanus:
1289 1693 1473 1734 alterum
1515 1708 1567 1734 ex
1607 1693 1675 1735 his
1714 1693 1898 1734 similem

146 1765 341 1820 quamvis
373 1765 549 1806 minime
587 1764 764 1805 eandem
796 1764 1020 1805 materiem
1047 1764 1243 1806 exhibuit
1270 1767 1397 1819 atque
1425 1764 1584 1806 codex
1609 1764 1898 1819 Leidensis,

146 1835 330 1877 alterum
379 1836 630 1891 plerumque
681 1835 875 1890 proxime
920 1837 1083 1878 accedit
1128 1837 1180 1877 ad
1223 1836 1515 1892 fragmentum
1559 1836 1898 1878 Bruxellense

145 1907 230 1949 11151
281 1908 395 1962 quod
444 1907 505 1948 ibi
550 1921 703 1963 graeca
747 1907 1007 1961 praecedunt
1051 1907 1197 1949 latinis
1238 1909 1294 1962 (p.
1335 1909 1421 1950 394
1448 1923 1535 1963 sqq.
1578 1923 1662 1962 quo
1708 1908 1758 1949 de
1802 1910 1901 1964 post

147 1977 331 2035 agetur).
393 1978 458 2020 De
490 1978 690 2033 capitulis
721 1992 809 2019 non
841 1978 978 2020 habeo
1012 1979 1126 2034 quod
1157 1978 1320 2020 addam.

268 2050 384 2100 Quae
416 2053 515 2105 post
547 2049 736 2105 capitula
766 2049 981 2092 habentur
1013 2065 1065 2092 ex
1098 2050 1159 2091 eis
1191 2050 1330 2105 prima
1361 2049 1541 2091 homilia
1572 2050 1802 2105 persimilis
1837 2053 1901 2091 est

149 2121 241 2163 eius
285 2136 392 2176 quae
437 2121 481 2163 in
526 2121 669 2163 codice
707 2121 907 2163 Leidensi
952 2122 1154 2163 ultimum
1197 2121 1339 2163 locum
1382 2122 1622 2177 occupavit,
1666 2121 1748 2163 nisi
1788 2121 1901 2176 quod

148 2192 362 2248 posterior
392 2208 491 2248 pars
522 2193 593 2234 hic
625 2193 893 2235 intercidisse
925 2193 1104 2236 videtur.
1154 2193 1307 2248 Neque
1340 2193 1482 2234 minus
1514 2193 1791 2235 memorabile
1825 2195 1901 2247 est,

149 2264 265 2320 quod
296 2264 589 2306 sententiae
621 2263 873 2306 Hadriani
898 2264 949 2306 'et
981 2264 1109 2306 belli
1135 2264 1346 2306 Troiani
1379 2264 1641 2306 succincta
1672 2263 1901 2306 narratio

149 2334 195 2376 in
227 2338 409 2390 utroque
440 2335 552 2377 libro
585 2338 736 2377 exstat.
799 2335 891 2376 Iam
929 2350 1029 2377 vero
1064 2350 1160 2377 cum
1192 2335 1238 2377 in
1270 2335 1412 2377 codice
1445 2350 1529 2391 quo
1563 2351 1665 2378 usus
1698 2339 1762 2378 est
1797 2335 1904 2378 Ste-

150 2407 347 2462 phanus
398 2407 532 2449 latina
575 2407 783 2449 vocabula
826 2407 988 2462 pariter
1031 2408 1288 2463 praecedant
1333 2422 1486 2464 graeca
1530 2410 1657 2462 atque
1702 2406 1747 2448 in
1790 2407 1901 2448 libro

151 2478 398 2533 Puteano‚
431 2494 527 2520 cum
558 2494 686 2534 porro
718 2478 829 2520 liber
859 2479 1119 2521 Puteanus
1152 2482 1194 2521 et
1226 2478 1517 2520 fabularum
1550 2480 1592 2519 et
1623 2477 1903 2534 fragmenti

153 2549 204 2590 de
242 2550 734 2592 manumissionibus
773 2550 983 2592 diversam
1021 2551 1313 2593 recensionem
1352 2550 1570 2604 exhibeat,
1612 2549 1686 2591 sed
1727 2549 1903 2590 eandem

153 2635 246 2661 cum
287 2620 485 2662 Leidensi
524 2636 644 2677 10111,
680 2636 861 2677 cumque
900 2622 1033 2664 codex
1063 2623 1321 2664 Puteanus
1361 2621 1490 2664 etiam
1529 2621 1612 2663 alia
1644 2621 1903 2662 continuerit

153 2693 263 2732 teste
301 2691 536 2746 Pithoeo,
575 2691 868 2748 Stephanus
905 2709 1006 2736 vero
1044 2709 1132 2736 11011
1170 2693 1314 2736 omnia
1351 2708 1458 2748 quae
1497 2693 1542 2735 in
1579 2707 1655 2734 suo
1693 2692 1804 2734 libro
1843 2692 1902 2733 in-

154 2762 272 2804 venit
310 2762 508 2818 ediderit,
547 2778 644 2804 cum
683 2763 865 2820 denique
905 2765 1054 2808 eodem
1092 2780 1204 2807 anno
1237 2765 1283 2806 in
1315 2764 1462 2807 eadem
1495 2764 1666 2807 officina
1696 2763 1902 2806 Pithoei
1931 2809 1934 2812 Α

155 2833 266 2875 liber
302 2836 345 2874 et
383 2833 630 2888 Stephani
669 2835 879 2891 glossaria
918 2851 1072 2878 excusa
1110 2837 1214 2879 sint:
1252 2851 1319 2878 me
1357 2836 1495 2878 iudice
1533 2835 1713 2877 mirum
1751 2838 1903 2890 esset,

155 2904 197 2946 si
230 2904 520 2960 Stephanus
557 2908 606 2946 et
637 2905 896 2948 Puteanus
929 2907 1102 2949 eodem
1133 2907 1286 2962 libro,
1323 2907 1363 2949 11.
1397 2922 1430 2949 e.
1463 2907 1635 2949 codice
1668 2906 1902 2948 Parisino

156 2975 444 3032 integriore
472 2990 617 3029 quam
641 2992 790 3033 nunc,
816 2993 915 3020 non
942 2978 1020 3020 usi
1047 2982 1235 3021 essent:
1269 2978 1462 3033 quamvis
1490 2977 1801 3033 Stephanum
1829 2992 1903 3018 sua

158 3046 302 3088 omnia
345 3062 397 3089 ex
437 3046 512 3088 1110
555 3047 666 3090 libro
709 3048 940 3105 sumpsisse
975 3075 1029 3079 —
1062 3065 1150 3092 non
1186 3050 1339 3105 loquor
1375 3065 1489 3092 nunc
1527 3050 1577 3091 de
1616 3049 1814 3104 capit-ulis
1848 3073 1899 3077 —

158 3118 333 3160 minime
364 3118 685 3161 adfirmaverim.
