2164 3470
928 144 1203 199 PRAEFATIO
1820 165 1888 201 xx
1897 165 1947 200 xi

186 287 314 327 quem
346 272 576 327 aliquoties
609 272 939 314 commemoravi
967 272 1242 330 Georgium
1267 273 1546 315 Parkerum
1578 273 1863 316 Oxoniensem
1899 275 1938 315 in

186 359 329 385 meum
362 359 487 386 usum
519 343 850 397 transcripsisse.
1568 393 1572 397 η

308 415 485 457 Glossae
537 429 645 469 quae
689 414 837 455 insunt
883 414 927 455 in
971 415 1053 455 hoc
1098 415 1308 471 glossario
1353 416 1512 470 partim
1557 420 1802 473 congruunt
1847 432 1943 458 cum

187 486 330 528 codice
357 486 622 541 Beruensi3
649 486 831 526 alteram
855 488 1023 540 partem
1051 502 1102 527 ex
1129 487 1561 529 hermeneumatis
1588 488 1943 543 Montepessu-

189 558 322 599 lanis
355 557 661 612 transcriptam
694 571 786 598 esse
819 571 906 598 non
940 560 1003 598 est
1037 573 1111 599 cur
1144 559 1328 613 amplius
1362 559 1661 601 demonstrem.

303 631 328 682 ἓ
357 631 422 671 16.
473 629 615 670 Huius
649 628 820 685 generis
853 628 1063 684 glossaria
1089 633 1260 684 praeter
1287 646 1335 671 ea
1362 646 1469 685 quae
1496 632 1678 673 tractavi
1706 632 1836 673 etiam
1863 632 1947 673 alia

186 700 442 742 extiterunt:
468 701 554 742 tale
582 700 696 741 enim
722 700 818 755 fuit,
845 703 893 740 ut
920 715 1005 742 uno
1033 704 1130 742 utar
1151 702 1359 757 exemplo,
1387 718 1437 743 ex
1458 718 1542 757 quo
1564 703 1733 759 glossae
1755 704 1947 745 ‘abavus’

185 772 345 814 ditatae
390 772 668 813 inveniuntur
713 771 758 813 in
802 771 1020 813 codicibus
1053 772 1305 814 Vossiano
1340 775 1396 815 24
1436 774 1480 814 in
1518 775 1621 816 folio
1662 776 1732 832 (cf.
1772 776 1853 817 vol.
1886 775 1947 818 IV

183 845 316 899 praef.
348 860 387 899 p.
414 842 617 899 XXXVI)
651 846 693 884 et
725 843 974 885 Bernensi
1002 846 1087 887 236
1122 860 1226 886 saec.
1259 844 1299 885 X
1333 844 1405 901 (de
1439 861 1523 899 quo
1557 848 1607 887 cf.
1641 848 1946 889 commentatio

185 930 280 957 mea
313 914 416 956 ‘Der
447 914 578 955 Liber
611 914 691 956 GL’
722 930 761 969 p.
795 914 913 971 248).
978 915 1100 965 Quod
1138 916 1198 957 ita
1231 932 1275 958 se
1307 917 1466 958 habere
1502 918 1570 959 his
1603 920 1814 974 excerptis
1845 920 1944 960 libri

185 986 429 1029 Vossiani
456 986 619 1027 credes:
646 987 931 1028 Pem‘acteonos
956 989 1002 1029 (Ie
1028 993 1199 1039 acteone,
1225 989 1443 1031 Pericleulo
1465 991 1605 1050 clecqlo,
1632 990 1947 1033 Peribromaton

188 1061 236 1102 de
278 1059 394 1113 escis,
437 1058 660 1100 Periereon
703 1059 750 1100 de
794 1072 933 1113 carne,
977 1058 1266 1102 Perichalceon
1307 1061 1492 1102 dehencis
1536 1059 1575 1117 (e
1619 1077 1696 1116 pro
1745 1077 1765 1104 s
1803 1060 1948 1118 corr),

191 1130 392 1173 Peridoz'n
429 1133 544 1172 actus
568 1130 693 1184 pauli
723 1131 790 1172 uel
817 1132 1055 1185 pytom'cmn
1082 1137 1130 1187 ᾗ,
1167 1133 1532 1175 Pet-iendomenias
1563 1135 1882 1188 (lesuppelleetile
1910 1140 1950 1189 ᾖ,

191 1203 440 1245 Persideron
472 1202 654 1255 eferrez's,
688 1201 961 1256 Periaryz'ron
993 1203 1041 1244 de
1071 1205 1290 1259 aryentez's,
1326 1204 1605 1247 Periauemon
1637 1207 1835 1257 dementis,
1869 1206 1947 1248 Pe-

185 1275 431 1327 riantropon
466 1273 765 1328 dehomimbus,
805 1273 1111 1316 Perz'demlreon
1143 1277 1190 1317 de
1221 1277 1454 1327 arboribus,
1494 1276 1738 1320 Periteszoes
1770 1278 1948 1320 theorica

183 1347 286 1388 idest
314 1346 362 1388 de
393 1342 497 1387 ‘etita‘
516 1345 755 1398 conplatiua
787 1347 830 1386 et
861 1345 946 1387 his:
984 1347 1192 1389 Tlceoeloez'
1217 1349 1279 1389 cla·
1296 1349 1475 1402 propitii
1496 1347 1559 1404 97,
1594 1349 1703 1392 Theo
1729 1364 1948 1392 euramone

183 1416 310 1475 (corr.
344 1432 396 1458 ex
427 1414 667 1472 euromane)
702 1417 764 1458 dii
795 1417 947 1460 celestis
974 1417 1036 1472 ᾗ,
1072 1419 1204 1461 Tleeoe
1235 1421 1386 1474 θρέψοι)
1417 1422 1479 1463 dii
1510 1425 1714 1463 terrestres
1742 1422 1805 1476 ἵν,
1840 1422 1948 1464 Theo

185 1490 428 1532 catahoniae
464 1490 526 1530 dii
564 1489 739 1543 inferni,
782 1489 1172 1543 leeoieytaenatlzoe
1211 1493 1273 1534 da·
1310 1493 1567 1545 inmortales,
1612 1493 1813 1536 Theoriea
1854 1508 1946 1536 con-

186 1561 446 1616 templatim,
485 1563 528 1601 et
565 1559 634 1601 his
671 1559 828 1616 glossis
868 1560 1179 1617 singularibus:
1218 1564 1325 1606 Eme
1363 1566 1556 1618 epemele'a
1595 1580 1687 1608 mea
1718 1566 1947 1620 dilitqentia,

186 1632 334 1693 Diatie
363 1633 556 1674 braclz‘nes
586 1647 715 1685 quare
747 1633 903 1675 tardas.
953 1633 1093 1675 Multa
1126 1650 1177 1676 ex
1211 1635 1271 1677 eis
1305 1651 1412 1691 quae
1447 1636 1491 1677 in
1523 1636 1605 1678 hoc
1636 1637 1748 1679 libro
1777 1640 1947 1679 exstant

185 1703 550 1747 hermeneumatis
594 1703 730 1758 petita
773 1707 873 1745 sunt
913 1719 964 1746 ex
1002 1706 1265 1761 colloquio
1305 1707 1608 1763 Harleiano,
1652 1709 1856 1763 pauciora
1896 1724 1947 1750 ex

184 1775 619 1818 hermeneumatis
646 1776 999 1819 Leidensibus.
1051 1778 1263 1834 Exempla
1295 1779 1460 1834 aliquot
1490 1780 1683 1822 afferam:
1718 1781 1947 1823 Pei-[acteo-

184 1862 259 1890 nos
284 1849 332 1890 de
356 1851 518 1890 acteone
543 1869 599 1882 =
627 1850 695 1903 57,
726 1849 797 1903 15,
831 1849 1134 1904 Parayraplzea
1161 1871 1215 1884 =
1246 1851 1342 1905 108,
1370 1852 1443 1905 223
1476 1851 1867 1904 Pmayrammatica
1888 1873 1943 1886 =

187 1920 284 1974 108,
305 1920 379 1974 33,
404 1920 658 1973 Inayrapses
682 1923 729 1961 ut
751 1921 909 1962 scribas
928 1941 981 1954 =
1006 1922 1103 1976 109,
1124 1922 1178 1963 57
1195 1920 1311 1979 (55);
1339 1921 1583 1964 Semeromle
1601 1923 1717 1965 hodie
1736 1927 1872 1966 mitem
1889 1945 1943 1957 =

189 1991 290 2046 110,
318 1991 373 2033 59
394 1990 471 2047 (=
493 1989 587 2047 81),
631 1990 901 2034 Istonoetiam
939 1994 1161 2035 addomztm
1190 2014 1245 2026 =
1276 1994 1378 2047 115,
1408 1994 1481 2048 18,
1511 1994 1582 2049 19,
1634 1994 1795 2037 Vdensu
1837 1996 1946 2038 mlail

185 2065 301 2104 tuum
323 2083 376 2096 =
403 2064 499 2117 114,
526 2064 600 2118 ⁴243
633 2063 923 2106 Matontheum
950 2078 1026 2118 per
1050 2065 1170 2107 deum
1191 2086 1247 2099 =
1271 2067 1366 2119 115,
1394 2066 1467 2119 52,
1500 2066 1685 2107 Etmaxo
1711 2068 1867 2109 excutio
1890 2088 1943 2101 =

188 2135 291 2189 114,
324 2135 398 2189 51,
443 2135 666 2179 Pedariom
689 2135 867 2179 ¹tkaeeos
901 2150 1011 2189 puer
1053 2137 1130 2179 cito
1157 2138 1346 2191 =.115,
1379 2138 1452 2191 633
1486 2137 1560 2192 64,
1603 2136 1946 2195 De'mz'ebradc‘nes

183 2220 312 2260 quare
343 2207 486 2248 tardas
508 2227 560 2240 =
586 2207 682 2262 115,
712 2208 783 2262 76,
812 2208 834 2248 7
842 2208 878 2249 7.
929 2207 996 2249 Ex
1028 2208 1097 2250 his
1129 2208 1264 2265 igitur
1296 2207 1453 2264 glossis
1485 2208 1709 2263 probabile
1739 2210 1789 2250 fit
1816 2209 1946 2251 etiam

186 2277 232 2319 in
262 2277 383 2320 fonte
416 2293 467 2319 ex
500 2293 584 2333 quo
617 2278 798 2320 haustae
831 2282 931 2321 sunt
964 2280 1229 2335 colloquium
1260 2279 1596 2321 Harleianum
1630 2296 1727 2322 cum
1759 2281 1945 2323 herme-

184 2350 440 2392 neumatis
471 2344 814 2393 Leidensibus
854 2352 1130 2394 coniunctum
1170 2352 1320 2394 fuisse:
1359 2351 1474 2407 quod
1512 2352 1597 2393 iam
1636 2367 1763 2407 supra
1802 2353 1863 2394 ita
1901 2368 1945 2395 se

185 2421 343 2464 habere
389 2421 660 2464 coniecimus.
723 2422 814 2466 Has
858 2426 1003 2465 autem
1048 2423 1214 2480 glossas
1252 2426 1301 2465 ut
1340 2423 1509 2464 ederem
1547 2439 1571 2464 a
1609 2439 1676 2465 me
1714 2425 1945 2480 impetrare

185 2508 273 2535 non
297 2493 438 2548 potui:
464 2493 536 2535 vix
563 2494 676 2535 enim
703 2495 917 2551 credibile,
945 2495 990 2537 in
1016 2496 1099 2537 ista
1125 2496 1342 2552 farragine
1367 2495 1592 2551 quicquam
1618 2511 1708 2538 esse
1729 2501 1945 2539 servatum

186 2564 301 2620 quod
339 2565 614 2620 quaestiones
645 2566 1061 2610 hermeneumaticas
1092 2567 1291 2610 illustret.
1355 2567 1506 2622 Itaque
1539 2567 1621 2609 hoc
1654 2568 1801 2623 paucis
1835 2584 1945 2611 com-

186 2623 447 2679 memorasse
480 2637 584 2680 satis
616 2638 766 2681 habeo.
1047 2698 1089 2741 V

307 2782 331 2833 ξ
361 2781 426 2822 17.
465 2780 602 2830 Quam
628 2781 673 2824 in
693 2785 884 2825 extremo
906 2783 1124 2826 volumine
1145 2782 1258 2825 edidi
1278 2783 1520 2840 glossarum
1539 2783 1945 2841 latino-graecarum

189 2851 498 2907 collectionem,
532 2867 580 2893 ea
612 2853 665 2895 ad
697 2856 858 2897 artem
890 2854 1136 2896 medicam
1169 2856 1344 2910 spectat.
1397 2853 1539 2911 Selegi
1570 2855 1808 2898 vetustiora
1833 2855 1945 2912 glos-

189 2924 318 2980 saria,
355 2938 464 2979 quae
504 2925 718 2979 quomodo
752 2926 990 2981 composita
1023 2926 1110 2967 sint
1144 2925 1228 2967 alio
1261 2925 1479 2968 volumine
1512 2929 1766 2982 exponetur:
1804 2942 1944 2969 recen-

188 2995 318 3052 tiora,
351 3009 459 3051 quae
493 2995 651 3049 partim
683 2996 737 3038 ab
769 2997 858 3040 illis
881 2998 1070 3053 pendent
1095 2997 1254 3053 partim
1280 2998 1439 3039 referta
1465 3001 1567 3040 sunt
1593 2998 1697 3041 artis
1723 2998 1943 3040 vocabulis

190 3066 435 3109 scholarum
477 3067 797 3110 medicinalium
842 3068 1126 3124 noviciarum,
1172 3068 1225 3109 ab
1269 3068 1349 3110 hac
1391 3068 1643 3111 collectione
1683 3070 1943 3112 excludenda

190 3152 283 3199 esse
317 3138 476 3200 censui.
