<?xml version="1.0" encoding="UTF-8"?>
<!DOCTYPE html PUBLIC "-//W3C//DTD XHTML 1.0 Transitional//EN"
    "http://www.w3.org/TR/xhtml1/DTD/xhtml1-transitional.dtd">
<html xmlns="http://www.w3.org/1999/xhtml" xml:lang="en" lang="en">
 <head>
  <title>
</title>
<meta http-equiv="Content-Type" content="text/html;charset=utf-8" />
  <meta name='ocr-system' content='tesseract 3.04.00' />
  <meta name='ocr-capabilities' content='ocr_page ocr_carea ocr_par ocr_line ocrx_word'/>
</head>
<body>
  <div class='ocr_page' id='page_1' title='image "./corpusglossarior03linduoft_0028.png"; bbox 0 0 2164 3470; ppageno 0'>
   <div class='ocr_carea' id='block_1_1' title="bbox 188 192 1196 231">
    <p class='ocr_par' dir='ltr' id='par_1_1' title="bbox 188 192 1196 231">
     <span class='ocr_line' id='line_1_1' title="bbox 188 192 1196 231; baseline -0.004 -1"><span class='ocrx_word' id='word_1_1' title='bbox 188 196 290 231; x_wconf 81' lang='lat' dir='ltr'>XXII</span> <span class='ocrx_word' id='word_1_2' title='bbox 921 192 1196 228; x_wconf 80' lang='lat' dir='ltr'><strong>PRAEFATIO</strong></span> 
     </span>
    </p>
   </div>
   <div class='ocr_carea' id='block_1_2' title="bbox 176 301 1983 2864">
    <p class='ocr_par' dir='ltr' id='par_1_2' title="bbox 176 301 1983 636">
     <span class='ocr_line' id='line_1_2' title="bbox 189 301 1941 357; baseline -0.003 -9"><span class='ocrx_word' id='word_1_3' title='bbox 189 319 291 348; x_wconf 89' lang='lat' dir='ltr'>usus</span> <span class='ocrx_word' id='word_1_4' title='bbox 329 320 420 347; x_wconf 90' lang='lat' dir='ltr'>esse</span> <span class='ocrx_word' id='word_1_5' title='bbox 459 304 628 346; x_wconf 89' lang='lat' dir='ltr'>videtur</span> <span class='ocrx_word' id='word_1_6' title='bbox 665 304 824 345; x_wconf 86' lang='lat' dir='ltr'>Beatus</span> <span class='ocrx_word' id='word_1_7' title='bbox 864 303 1114 357; x_wconf 78' lang='lat' dir='ltr'>Rhenanus3</span> <span class='ocrx_word' id='word_1_8' title='bbox 1157 302 1201 343; x_wconf 88' lang='lat' dir='ltr'>in</span> <span class='ocrx_word' id='word_1_9' title='bbox 1246 302 1307 344; x_wconf 90' lang='lat' dir='ltr'>eis</span> <span class='ocrx_word' id='word_1_10' title='bbox 1344 301 1468 343; x_wconf 89' lang='lat' dir='ltr'>libris</span> <span class='ocrx_word' id='word_1_11' title='bbox 1506 301 1579 356; x_wconf 86' lang='lat' dir='ltr'>qui</span> <span class='ocrx_word' id='word_1_12' title='bbox 1617 316 1731 343; x_wconf 90' lang='lat' dir='ltr'>nunc</span> <span class='ocrx_word' id='word_1_13' title='bbox 1770 303 1941 343; x_wconf 86' lang='lat' dir='ltr'>exstant</span> 
     </span>
     <span class='ocr_line' id='line_1_3' title="bbox 189 366 1983 431; baseline -0.003 -12"><span class='ocrx_word' id='word_1_14' title='bbox 189 376 335 419; x_wconf 89' lang='lat' dir='ltr'>nullus</span> <span class='ocrx_word' id='word_1_15' title='bbox 368 379 451 431; x_wconf 88' lang='lat' dir='ltr'>est,</span> <span class='ocrx_word' id='word_1_16' title='bbox 489 376 534 418; x_wconf 91' lang='lat' dir='ltr'>in</span> <span class='ocrx_word' id='word_1_17' title='bbox 567 391 694 431; x_wconf 89' lang='lat' dir='ltr'>quem</span> <span class='ocrx_word' id='word_1_18' title='bbox 726 375 855 416; x_wconf 82' lang='lat' dir='ltr'>verba</span> <span class='ocrx_word' id='word_1_19' title='bbox 888 374 1012 415; x_wconf 88' lang='lat' dir='ltr'>Beati</span> <span class='ocrx_word' id='word_1_20' title='bbox 1043 373 1241 415; x_wconf 88' lang='lat' dir='ltr'>Rhenani</span> <span class='ocrx_word' id='word_1_21' title='bbox 1274 377 1373 428; x_wconf 99' lang='lat' dir='ltr'>apte</span> <span class='ocrx_word' id='word_1_22' title='bbox 1406 372 1680 427; x_wconf 84' lang='lat' dir='ltr'>conveniant3</span> <span class='ocrx_word' id='word_1_23' title='bbox 1711 370 1760 429; x_wconf 76' lang='lat'>4)</span> <span class='ocrx_word' id='word_1_24' title='bbox 1791 372 1943 428; x_wconf 89' lang='lat' dir='ltr'>triper-</span> <span class='ocrx_word' id='word_1_25' title='bbox 1979 366 1983 368; x_wconf 11' lang='grc' dir='ltr'>ἡ</span> 
     </span>
     <span class='ocr_line' id='line_1_4' title="bbox 176 444 1942 501; baseline -0.003 -10"><span class='ocrx_word' id='word_1_26' title='bbox 176 449 320 491; x_wconf 78' lang='lat' dir='ltr'>&#39;titum</span> <span class='ocrx_word' id='word_1_27' title='bbox 358 447 441 490; x_wconf 90' lang='lat' dir='ltr'>fuit</span> <span class='ocrx_word' id='word_1_28' title='bbox 479 447 586 489; x_wconf 90' lang='lat' dir='ltr'>illud</span> <span class='ocrx_word' id='word_1_29' title='bbox 624 446 840 501; x_wconf 86' lang='lat' dir='ltr'>exemplar</span> <span class='ocrx_word' id='word_1_30' title='bbox 878 445 1016 500; x_wconf 89' lang='lat' dir='ltr'>primo</span> <span class='ocrx_word' id='word_1_31' title='bbox 1049 444 1142 486; x_wconf 91' lang='lat' dir='ltr'>loco</span> <span class='ocrx_word' id='word_1_32' title='bbox 1176 445 1380 500; x_wconf 90' lang='lat' dir='ltr'>capitula,</span> <span class='ocrx_word' id='word_1_33' title='bbox 1418 444 1554 486; x_wconf 87' lang='lat' dir='ltr'>altero</span> <span class='ocrx_word' id='word_1_34' title='bbox 1586 444 1773 500; x_wconf 76' lang='lat' dir='ltr'>lexicon,</span> <span class='ocrx_word' id='word_1_35' title='bbox 1811 444 1942 486; x_wconf 82' lang='lat' dir='ltr'>t&#39;ertio</span> 
     </span>
     <span class='ocr_line' id='line_1_5' title="bbox 191 516 1944 578; baseline -0.003 -15"><span class='ocrx_word' id='word_1_36' title='bbox 191 519 405 576; x_wconf 87' lang='lat' dir='ltr'>colloquia</span> <span class='ocrx_word' id='word_1_37' title='bbox 437 519 724 574; x_wconf 81' lang='lat' dir='ltr'>complexum3</span> <span class='ocrx_word' id='word_1_38' title='bbox 757 520 803 574; x_wconf 74' lang='grc' dir='ltr'>ὃ)</span> <span class='ocrx_word' id='word_1_39' title='bbox 835 518 872 558; x_wconf 66' lang='lat' dir='ltr'>‘e</span> <span class='ocrx_word' id='word_1_40' title='bbox 900 516 1181 578; x_wconf 83' lang='lat' dir='ltr'>dictionariis’</span> <span class='ocrx_word' id='word_1_41' title='bbox 1208 517 1314 559; x_wconf 88' lang='lat' dir='ltr'>illud</span> <span class='ocrx_word' id='word_1_42' title='bbox 1341 517 1558 572; x_wconf 88' lang='lat' dir='ltr'>exemplar</span> <span class='ocrx_word' id='word_1_43' title='bbox 1585 517 1686 559; x_wconf 79' lang='lat' dir='ltr'>‘non</span> <span class='ocrx_word' id='word_1_44' title='bbox 1712 516 1944 558; x_wconf 71' lang='lat' dir='ltr'>infeliciter</span> 
     </span>
     <span class='ocr_line' id='line_1_6' title="bbox 191 589 855 636; baseline -0.008 -1"><span class='ocrx_word' id='word_1_45' title='bbox 191 592 365 636; x_wconf 90' lang='lat' dir='ltr'>omnino</span> <span class='ocrx_word' id='word_1_46' title='bbox 400 589 718 634; x_wconf 85' lang='lat' dir='ltr'>concinnatum&#39;</span> <span class='ocrx_word' id='word_1_47' title='bbox 753 592 855 631; x_wconf 86' lang='lat' dir='ltr'>erat.</span> 
     </span>
    </p>

    <p class='ocr_par' dir='ltr' id='par_1_3' title="bbox 192 660 1949 1222">
     <span class='ocr_line' id='line_1_7' title="bbox 313 660 1943 719; baseline -0.001 -14"><span class='ocrx_word' id='word_1_48' title='bbox 313 663 539 719; x_wconf 81' lang='lat' dir='ltr'>Septimo</span> <span class='ocrx_word' id='word_1_49' title='bbox 586 662 817 717; x_wconf 85' lang='lat' dir='ltr'>exemplari</span> <span class='ocrx_word' id='word_1_50' title='bbox 862 664 1008 703; x_wconf 88' lang='lat' dir='ltr'>utrum</span> <span class='ocrx_word' id='word_1_51' title='bbox 1045 660 1330 703; x_wconf 79' lang='lat' dir='ltr'>Vulcanius</span> <span class='ocrx_word' id='word_1_52' title='bbox 1368 675 1469 702; x_wconf 91' lang='lat' dir='ltr'>usus</span> <span class='ocrx_word' id='word_1_53' title='bbox 1509 660 1564 702; x_wconf 89' lang='lat' dir='ltr'>sit</span> <span class='ocrx_word' id='word_1_54' title='bbox 1602 660 1674 716; x_wconf 89' lang='lat' dir='ltr'>qui</span> <span class='ocrx_word' id='word_1_55' title='bbox 1714 660 1863 702; x_wconf 90' lang='lat' dir='ltr'>eadem</span> <span class='ocrx_word' id='word_1_56' title='bbox 1899 660 1943 703; x_wconf 86' lang='lat' dir='ltr'>in</span> 
     </span>
     <span class='ocr_line' id='line_1_8' title="bbox 193 732 1946 790; baseline -0.002 -13"><span class='ocrx_word' id='word_1_57' title='bbox 193 735 400 778; x_wconf 79' lang='lat' dir='ltr'>Thesauri</span> <span class='ocrx_word' id='word_1_58' title='bbox 445 733 667 789; x_wconf 87' lang='lat' dir='ltr'>utriusque</span> <span class='ocrx_word' id='word_1_59' title='bbox 712 734 886 790; x_wconf 80' lang='lat' dir='ltr'>linguae</span> <span class='ocrx_word' id='word_1_60' title='bbox 931 736 1030 774; x_wconf 88' lang='lat' dir='ltr'>ante</span> <span class='ocrx_word' id='word_1_61' title='bbox 1070 732 1375 775; x_wconf 89' lang='lat' dir='ltr'>Onomasticon</span> <span class='ocrx_word' id='word_1_62' title='bbox 1419 732 1551 774; x_wconf 81' lang='lat' dir='ltr'>edidit</span> <span class='ocrx_word' id='word_1_63' title='bbox 1590 732 1748 774; x_wconf 85' lang='lat' dir='ltr'>omissa</span> <span class='ocrx_word' id='word_1_64' title='bbox 1783 732 1946 787; x_wconf 86' lang='lat' dir='ltr'>praefa-</span> 
     </span>
     <span class='ocr_line' id='line_1_9' title="bbox 193 803 1947 862; baseline -0.003 -12"><span class='ocrx_word' id='word_1_65' title='bbox 193 807 398 862; x_wconf 88' lang='lat' dir='ltr'>tiuncula,</span> <span class='ocrx_word' id='word_1_66' title='bbox 431 821 484 847; x_wconf 86' lang='lat' dir='ltr'>an</span> <span class='ocrx_word' id='word_1_67' title='bbox 517 821 540 846; x_wconf 91' lang='lat' dir='ltr'>a</span> <span class='ocrx_word' id='word_1_68' title='bbox 566 805 723 847; x_wconf 85' lang='lat' dir='ltr'>Beato</span> <span class='ocrx_word' id='word_1_69' title='bbox 750 805 994 848; x_wconf 82' lang='lat' dir='ltr'>Rhenano</span> <span class='ocrx_word' id='word_1_70' title='bbox 1026 805 1210 860; x_wconf 90' lang='lat' dir='ltr'>pendeat</span> <span class='ocrx_word' id='word_1_71' title='bbox 1244 805 1455 846; x_wconf 86' lang='lat' dir='ltr'>incertum</span> <span class='ocrx_word' id='word_1_72' title='bbox 1481 806 1557 845; x_wconf 91' lang='lat' dir='ltr'>est.</span> <span class='ocrx_word' id='word_1_73' title='bbox 1607 803 1720 846; x_wconf 88' lang='lat' dir='ltr'>Nam</span> <span class='ocrx_word' id='word_1_74' title='bbox 1751 803 1947 859; x_wconf 86' lang='lat' dir='ltr'>quamvis</span> 
     </span>
     <span class='ocr_line' id='line_1_10' title="bbox 195 875 1948 934; baseline -0.002 -13"><span class='ocrx_word' id='word_1_75' title='bbox 195 880 405 934; x_wconf 74' lang='lat' dir='ltr'>discrepet</span> <span class='ocrx_word' id='word_1_76' title='bbox 451 880 677 919; x_wconf 86' lang='lat' dir='ltr'>contextus</span> <span class='ocrx_word' id='word_1_77' title='bbox 715 876 916 919; x_wconf 88' lang='lat' dir='ltr'>Vulcanii</span> <span class='ocrx_word' id='word_1_78' title='bbox 961 892 984 917; x_wconf 87' lang='lat' dir='ltr'>a</span> <span class='ocrx_word' id='word_1_79' title='bbox 1030 876 1164 918; x_wconf 86' lang='lat' dir='ltr'>Beato</span> <span class='ocrx_word' id='word_1_80' title='bbox 1208 875 1417 917; x_wconf 88' lang='lat' dir='ltr'>Rhenano</span> <span class='ocrx_word' id='word_1_81' title='bbox 1464 875 1646 932; x_wconf 88' lang='lat' dir='ltr'>singulis</span> <span class='ocrx_word' id='word_1_82' title='bbox 1691 875 1948 931; x_wconf 87' lang='lat' dir='ltr'>quibusdam</span> 
     </span>
     <span class='ocr_line' id='line_1_11' title="bbox 192 946 1949 1005; baseline -0.003 -11"><span class='ocrx_word' id='word_1_83' title='bbox 192 950 463 1005; x_wconf 86' lang='lat' dir='ltr'>lectionibus,</span> <span class='ocrx_word' id='word_1_84' title='bbox 489 952 635 990; x_wconf 88' lang='lat' dir='ltr'>tamen</span> <span class='ocrx_word' id='word_1_85' title='bbox 661 964 737 1004; x_wconf 91' lang='lat' dir='ltr'>per</span> <span class='ocrx_word' id='word_1_86' title='bbox 763 963 806 990; x_wconf 91' lang='lat' dir='ltr'>se</span> <span class='ocrx_word' id='word_1_87' title='bbox 827 963 914 990; x_wconf 90' lang='lat' dir='ltr'>non</span> <span class='ocrx_word' id='word_1_88' title='bbox 935 946 1219 1002; x_wconf 85' lang='lat' dir='ltr'>improbabile</span> <span class='ocrx_word' id='word_1_89' title='bbox 1241 950 1317 1002; x_wconf 87' lang='lat' dir='ltr'>est,</span> <span class='ocrx_word' id='word_1_90' title='bbox 1348 962 1399 989; x_wconf 92' lang='lat' dir='ltr'>ex</span> <span class='ocrx_word' id='word_1_91' title='bbox 1419 947 1678 989; x_wconf 87' lang='lat' dir='ltr'>coniecturis</span> <span class='ocrx_word' id='word_1_92' title='bbox 1696 947 1775 989; x_wconf 88' lang='lat' dir='ltr'>has</span> <span class='ocrx_word' id='word_1_93' title='bbox 1795 947 1949 989; x_wconf 90' lang='lat' dir='ltr'>discre-</span> 
     </span>
     <span class='ocr_line' id='line_1_12' title="bbox 193 1019 1949 1080; baseline -0.003 -14"><span class='ocrx_word' id='word_1_94' title='bbox 193 1023 363 1080; x_wconf 86' lang='lat' dir='ltr'>pantias</span> <span class='ocrx_word' id='word_1_95' title='bbox 396 1037 486 1065; x_wconf 85' lang='lat' dir='ltr'>esse</span> <span class='ocrx_word' id='word_1_96' title='bbox 519 1021 783 1076; x_wconf 88' lang='lat' dir='ltr'>repetendas.</span> <span class='ocrx_word' id='word_1_97' title='bbox 847 1020 961 1071; x_wconf 86' lang='lat' dir='ltr'>Quas</span> <span class='ocrx_word' id='word_1_98' title='bbox 991 1019 1027 1061; x_wconf 89' lang='lat' dir='ltr'>si</span> <span class='ocrx_word' id='word_1_99' title='bbox 1061 1019 1312 1074; x_wconf 81' lang='lat' dir='ltr'>dempseris,</span> <span class='ocrx_word' id='word_1_100' title='bbox 1348 1023 1469 1061; x_wconf 87' lang='lat' dir='ltr'>tanta</span> <span class='ocrx_word' id='word_1_101' title='bbox 1502 1023 1566 1062; x_wconf 89' lang='lat' dir='ltr'>est</span> <span class='ocrx_word' id='word_1_102' title='bbox 1599 1022 1837 1065; x_wconf 85' lang='lat' dir='ltr'>ceterarum</span> <span class='ocrx_word' id='word_1_103' title='bbox 1868 1019 1949 1061; x_wconf 92' lang='lat' dir='ltr'>lec-</span> 
     </span>
     <span class='ocr_line' id='line_1_13' title="bbox 194 1090 1949 1147; baseline -0.003 -9"><span class='ocrx_word' id='word_1_104' title='bbox 194 1096 362 1138; x_wconf 89' lang='lat' dir='ltr'>tionum</span> <span class='ocrx_word' id='word_1_105' title='bbox 396 1092 638 1147; x_wconf 88' lang='lat' dir='ltr'>concordia,</span> <span class='ocrx_word' id='word_1_106' title='bbox 678 1095 726 1134; x_wconf 91' lang='lat' dir='ltr'>ut</span> <span class='ocrx_word' id='word_1_107' title='bbox 759 1092 916 1134; x_wconf 85' lang='lat' dir='ltr'>mirum</span> <span class='ocrx_word' id='word_1_108' title='bbox 947 1091 1182 1145; x_wconf 81' lang='lat' dir='ltr'>videretur,</span> <span class='ocrx_word' id='word_1_109' title='bbox 1221 1091 1256 1133; x_wconf 90' lang='lat' dir='ltr'>si</span> <span class='ocrx_word' id='word_1_110' title='bbox 1292 1106 1343 1133; x_wconf 90' lang='lat' dir='ltr'>ex</span> <span class='ocrx_word' id='word_1_111' title='bbox 1375 1091 1499 1133; x_wconf 89' lang='lat' dir='ltr'>Beati</span> <span class='ocrx_word' id='word_1_112' title='bbox 1530 1091 1728 1134; x_wconf 86' lang='lat' dir='ltr'>Rhenani</span> <span class='ocrx_word' id='word_1_113' title='bbox 1761 1090 1949 1133; x_wconf 87' lang='lat' dir='ltr'>editione</span> 
     </span>
     <span class='ocr_line' id='line_1_14' title="bbox 194 1163 1829 1222; baseline -0.003 -12"><span class='ocrx_word' id='word_1_114' title='bbox 194 1182 283 1210; x_wconf 88' lang='lat' dir='ltr'>non</span> <span class='ocrx_word' id='word_1_115' title='bbox 313 1165 519 1222; x_wconf 87' lang='lat' dir='ltr'>penderet</span> <span class='ocrx_word' id='word_1_116' title='bbox 550 1164 798 1206; x_wconf 87' lang='lat' dir='ltr'>Vulcanius.</span> <span class='ocrx_word' id='word_1_117' title='bbox 862 1163 922 1206; x_wconf 84' lang='lat' dir='ltr'>Cf.</span> <span class='ocrx_word' id='word_1_118' title='bbox 954 1163 1371 1206; x_wconf 81' lang='lat' dir='ltr'>Krumbacherus</span> <span class='ocrx_word' id='word_1_119' title='bbox 1403 1164 1429 1206; x_wconf 92' lang='grc'>1.</span> <span class='ocrx_word' id='word_1_120' title='bbox 1463 1179 1492 1206; x_wconf 90' lang='lat' dir='ltr'>s.</span> <span class='ocrx_word' id='word_1_121' title='bbox 1527 1179 1556 1206; x_wconf 91' lang='lat' dir='ltr'>s.</span> <span class='ocrx_word' id='word_1_122' title='bbox 1589 1179 1627 1219; x_wconf 91' lang='lat' dir='ltr'>p.</span> <span class='ocrx_word' id='word_1_123' title='bbox 1661 1165 1717 1206; x_wconf 76' lang='lat'>53</span> <span class='ocrx_word' id='word_1_124' title='bbox 1740 1178 1829 1218; x_wconf 88' lang='lat' dir='ltr'>sqq.</span> 
     </span>
    </p>

    <p class='ocr_par' dir='ltr' id='par_1_4' title="bbox 197 1234 1955 1936">
     <span class='ocr_line' id='line_1_15' title="bbox 316 1234 1951 1291; baseline -0.002 -12"><span class='ocrx_word' id='word_1_125' title='bbox 316 1239 341 1291; x_wconf 68' lang='grc' dir='ltr'>ξ</span> <span class='ocrx_word' id='word_1_126' title='bbox 375 1238 412 1279; x_wconf 83' lang='grc'>8.</span> <span class='ocrx_word' id='word_1_127' title='bbox 463 1236 534 1279; x_wconf 85' lang='lat' dir='ltr'>Ex</span> <span class='ocrx_word' id='word_1_128' title='bbox 574 1235 643 1277; x_wconf 90' lang='lat' dir='ltr'>his</span> <span class='ocrx_word' id='word_1_129' title='bbox 687 1250 794 1290; x_wconf 91' lang='lat' dir='ltr'>quos</span> <span class='ocrx_word' id='word_1_130' title='bbox 837 1234 1019 1277; x_wconf 81' lang='lat' dir='ltr'>tractavi</span> <span class='ocrx_word' id='word_1_131' title='bbox 1058 1234 1276 1277; x_wconf 88' lang='lat' dir='ltr'>codicibus</span> <span class='ocrx_word' id='word_1_132' title='bbox 1313 1236 1524 1291; x_wconf 89' lang='lat' dir='ltr'>pessimus</span> <span class='ocrx_word' id='word_1_133' title='bbox 1563 1238 1628 1278; x_wconf 91' lang='lat' dir='ltr'>est</span> <span class='ocrx_word' id='word_1_134' title='bbox 1664 1234 1951 1289; x_wconf 85' lang='lat' dir='ltr'>Parisinus,</span> 
     </span>
     <span class='ocr_line' id='line_1_16' title="bbox 198 1305 1950 1367; baseline -0.003 -14"><span class='ocrx_word' id='word_1_135' title='bbox 198 1311 355 1367; x_wconf 87' lang='lat' dir='ltr'>quippe</span> <span class='ocrx_word' id='word_1_136' title='bbox 395 1309 468 1364; x_wconf 90' lang='lat' dir='ltr'>qui</span> <span class='ocrx_word' id='word_1_137' title='bbox 500 1307 637 1349; x_wconf 89' lang='lat' dir='ltr'>multa</span> <span class='ocrx_word' id='word_1_138' title='bbox 668 1322 755 1349; x_wconf 89' lang='lat' dir='ltr'>non</span> <span class='ocrx_word' id='word_1_139' title='bbox 788 1322 809 1348; x_wconf 92' lang='lat' dir='ltr'>e</span> <span class='ocrx_word' id='word_1_140' title='bbox 842 1309 1011 1348; x_wconf 88' lang='lat' dir='ltr'>vetusto</span> <span class='ocrx_word' id='word_1_141' title='bbox 1044 1307 1181 1361; x_wconf 86' lang='lat' dir='ltr'>fonte,</span> <span class='ocrx_word' id='word_1_142' title='bbox 1222 1307 1293 1349; x_wconf 92' lang='lat' dir='ltr'>sed</span> <span class='ocrx_word' id='word_1_143' title='bbox 1326 1322 1377 1349; x_wconf 91' lang='lat' dir='ltr'>ex</span> <span class='ocrx_word' id='word_1_144' title='bbox 1410 1307 1588 1349; x_wconf 88' lang='lat' dir='ltr'>arbitrio</span> <span class='ocrx_word' id='word_1_145' title='bbox 1620 1305 1950 1362; x_wconf 85' lang='lat' dir='ltr'>Hermonymi</span> 
     </span>
     <span class='ocr_line' id='line_1_17' title="bbox 197 1376 1952 1435; baseline -0.003 -10"><span class='ocrx_word' id='word_1_146' title='bbox 197 1384 297 1425; x_wconf 89' lang='lat' dir='ltr'>ficta</span> <span class='ocrx_word' id='word_1_147' title='bbox 324 1380 525 1424; x_wconf 81' lang='lat' dir='ltr'>exhibeat</span> <span class='ocrx_word' id='word_1_148' title='bbox 551 1382 594 1420; x_wconf 90' lang='lat' dir='ltr'>et</span> <span class='ocrx_word' id='word_1_149' title='bbox 619 1378 902 1435; x_wconf 81' lang='lat' dir='ltr'>neglegenter</span> <span class='ocrx_word' id='word_1_150' title='bbox 927 1377 1101 1433; x_wconf 88' lang='lat' dir='ltr'>insuper</span> <span class='ocrx_word' id='word_1_151' title='bbox 1127 1378 1312 1434; x_wconf 86' lang='lat' dir='ltr'>scriptus</span> <span class='ocrx_word' id='word_1_152' title='bbox 1339 1379 1407 1435; x_wconf 91' lang='lat' dir='ltr'>sit,</span> <span class='ocrx_word' id='word_1_153' title='bbox 1434 1379 1477 1420; x_wconf 88' lang='lat' dir='ltr'>id</span> <span class='ocrx_word' id='word_1_154' title='bbox 1503 1379 1618 1434; x_wconf 89' lang='lat' dir='ltr'>quod</span> <span class='ocrx_word' id='word_1_155' title='bbox 1643 1381 1758 1420; x_wconf 88' lang='lat' dir='ltr'>recte</span> <span class='ocrx_word' id='word_1_156' title='bbox 1783 1376 1952 1420; x_wconf 91' lang='lat' dir='ltr'>monuit</span> 
     </span>
     <span class='ocr_line' id='line_1_18' title="bbox 201 1449 1953 1506; baseline -0.003 -9"><span class='ocrx_word' id='word_1_157' title='bbox 201 1454 649 1497; x_wconf 83' lang='lat' dir='ltr'>Schoenemannus</span> <span class='ocrx_word' id='word_1_158' title='bbox 673 1467 712 1506; x_wconf 87' lang='lat' dir='ltr'>p.</span> <span class='ocrx_word' id='word_1_159' title='bbox 743 1451 808 1493; x_wconf 78' lang='lat'>15.</span> <span class='ocrx_word' id='word_1_160' title='bbox 861 1450 1003 1492; x_wconf 82' lang='lat' dir='ltr'>Codex</span> <span class='ocrx_word' id='word_1_161' title='bbox 1031 1449 1253 1492; x_wconf 85' lang='lat' dir='ltr'>Marsilii</span> <span class='ocrx_word' id='word_1_162' title='bbox 1279 1450 1462 1505; x_wconf 88' lang='lat' dir='ltr'>Ficini,</span> <span class='ocrx_word' id='word_1_163' title='bbox 1496 1451 1569 1506; x_wconf 89' lang='lat' dir='ltr'>qui</span> <span class='ocrx_word' id='word_1_164' title='bbox 1601 1450 1774 1506; x_wconf 88' lang='lat' dir='ltr'>quidem</span> <span class='ocrx_word' id='word_1_165' title='bbox 1800 1449 1953 1492; x_wconf 87' lang='lat' dir='ltr'>ceteris</span> 
     </span>
     <span class='ocr_line' id='line_1_19' title="bbox 201 1520 1954 1580; baseline -0.004 -11"><span class='ocrx_word' id='word_1_166' title='bbox 201 1528 341 1569; x_wconf 86' lang='lat' dir='ltr'>aetate</span> <span class='ocrx_word' id='word_1_167' title='bbox 373 1525 575 1580; x_wconf 87' lang='lat' dir='ltr'>praestat,</span> <span class='ocrx_word' id='word_1_168' title='bbox 608 1522 713 1564; x_wconf 90' lang='lat' dir='ltr'>satis</span> <span class='ocrx_word' id='word_1_169' title='bbox 743 1537 876 1577; x_wconf 89' lang='lat' dir='ltr'>prope</span> <span class='ocrx_word' id='word_1_170' title='bbox 910 1522 962 1563; x_wconf 88' lang='lat' dir='ltr'>ad</span> <span class='ocrx_word' id='word_1_171' title='bbox 993 1521 1374 1563; x_wconf 88' lang='lat' dir='ltr'>Einsidlensem</span> <span class='ocrx_word' id='word_1_172' title='bbox 1406 1524 1459 1565; x_wconf 84' lang='lat'>19</span> <span class='ocrx_word' id='word_1_173' title='bbox 1493 1523 1690 1565; x_wconf 85' lang='lat' dir='ltr'>accedere</span> <span class='ocrx_word' id='word_1_174' title='bbox 1723 1537 1775 1564; x_wconf 89' lang='lat' dir='ltr'>ex</span> <span class='ocrx_word' id='word_1_175' title='bbox 1805 1520 1954 1577; x_wconf 88' lang='lat' dir='ltr'>paucis</span> 
     </span>
     <span class='ocr_line' id='line_1_20' title="bbox 201 1591 1954 1654; baseline -0.003 -15"><span class='ocrx_word' id='word_1_176' title='bbox 201 1612 309 1654; x_wconf 86' lang='lat' dir='ltr'>quae</span> <span class='ocrx_word' id='word_1_177' title='bbox 342 1595 448 1638; x_wconf 82' lang='lat' dir='ltr'>mihi</span> <span class='ocrx_word' id='word_1_178' title='bbox 480 1596 651 1650; x_wconf 89' lang='lat' dir='ltr'>praesto</span> <span class='ocrx_word' id='word_1_179' title='bbox 686 1597 784 1635; x_wconf 90' lang='lat' dir='ltr'>sunt</span> <span class='ocrx_word' id='word_1_180' title='bbox 817 1593 1028 1649; x_wconf 82' lang='lat' dir='ltr'>excerptis</span> <span class='ocrx_word' id='word_1_181' title='bbox 1060 1592 1323 1635; x_wconf 80' lang='lat' dir='ltr'>intellexisse</span> <span class='ocrx_word' id='word_1_182' title='bbox 1356 1594 1462 1635; x_wconf 91' lang='lat' dir='ltr'>mihi</span> <span class='ocrx_word' id='word_1_183' title='bbox 1488 1593 1645 1635; x_wconf 79' lang='lat' dir='ltr'>videor.</span> <span class='ocrx_word' id='word_1_184' title='bbox 1695 1591 1815 1634; x_wconf 88' lang='lat' dir='ltr'>Idem</span> <span class='ocrx_word' id='word_1_185' title='bbox 1840 1591 1954 1634; x_wconf 86' lang='lat' dir='ltr'>cadit</span> 
     </span>
     <span class='ocr_line' id='line_1_21' title="bbox 200 1663 1955 1721; baseline -0.004 -8"><span class='ocrx_word' id='word_1_186' title='bbox 200 1670 248 1713; x_wconf 90' lang='lat' dir='ltr'>in</span> <span class='ocrx_word' id='word_1_187' title='bbox 273 1668 462 1712; x_wconf 84' lang='lat' dir='ltr'>codicem</span> <span class='ocrx_word' id='word_1_188' title='bbox 480 1665 898 1721; x_wconf 89' lang='lat' dir='ltr'>Neapolitanum,</span> <span class='ocrx_word' id='word_1_189' title='bbox 925 1680 1185 1720; x_wconf 86' lang='lat' dir='ltr'>quamquam</span> <span class='ocrx_word' id='word_1_190' title='bbox 1210 1665 1255 1707; x_wconf 94' lang='lat' dir='ltr'>in</span> <span class='ocrx_word' id='word_1_191' title='bbox 1281 1665 1501 1708; x_wconf 91' lang='lat' dir='ltr'>nonnullis</span> <span class='ocrx_word' id='word_1_192' title='bbox 1524 1664 1748 1720; x_wconf 87' lang='lat' dir='ltr'>discrepat.</span> <span class='ocrx_word' id='word_1_193' title='bbox 1795 1663 1955 1706; x_wconf 87' lang='lat' dir='ltr'>Contra</span> 
     </span>
     <span class='ocr_line' id='line_1_22' title="bbox 201 1725 1954 1793; baseline -0.003 -9"><span class='ocrx_word' id='word_1_194' title='bbox 201 1738 553 1784; x_wconf 84' lang='lat' dir='ltr'>Einsidlensis</span> <span class='ocrx_word' id='word_1_195' title='bbox 584 1738 669 1781; x_wconf 82' lang='lat'>683</span> <span class='ocrx_word' id='word_1_196' title='bbox 711 1740 936 1793; x_wconf 89' lang='lat' dir='ltr'>tantopere</span> <span class='ocrx_word' id='word_1_197' title='bbox 977 1751 1073 1778; x_wconf 91' lang='lat' dir='ltr'>cum</span> <span class='ocrx_word' id='word_1_198' title='bbox 1105 1735 1262 1778; x_wconf 86' lang='lat' dir='ltr'>Beato</span> <span class='ocrx_word' id='word_1_199' title='bbox 1296 1736 1538 1779; x_wconf 86' lang='lat' dir='ltr'>Rhenano</span> <span class='ocrx_word' id='word_1_200' title='bbox 1577 1725 1784 1792; x_wconf 84' lang='lat' dir='ltr'>concinit,</span> <span class='ocrx_word' id='word_1_201' title='bbox 1822 1738 1870 1777; x_wconf 94' lang='lat' dir='ltr'>ut</span> <span class='ocrx_word' id='word_1_202' title='bbox 1902 1750 1954 1778; x_wconf 89' lang='lat' dir='ltr'>ex</span> 
     </span>
     <span class='ocr_line' id='line_1_23' title="bbox 203 1807 1954 1865; baseline -0.004 -9"><span class='ocrx_word' id='word_1_203' title='bbox 203 1813 352 1856; x_wconf 88' lang='lat' dir='ltr'>eodem</span> <span class='ocrx_word' id='word_1_204' title='bbox 396 1811 515 1853; x_wconf 84' lang='lat' dir='ltr'>fonte</span> <span class='ocrx_word' id='word_1_205' title='bbox 560 1809 818 1865; x_wconf 89' lang='lat' dir='ltr'>repetendus</span> <span class='ocrx_word' id='word_1_206' title='bbox 862 1809 935 1863; x_wconf 79' lang='lat' dir='ltr'>sit3</span> <span class='ocrx_word' id='word_1_207' title='bbox 980 1807 1122 1849; x_wconf 88' lang='lat' dir='ltr'>minus</span> <span class='ocrx_word' id='word_1_208' title='bbox 1165 1808 1390 1863; x_wconf 86' lang='lat' dir='ltr'>probabile</span> <span class='ocrx_word' id='word_1_209' title='bbox 1435 1811 1516 1863; x_wconf 87' lang='lat' dir='ltr'>est,</span> <span class='ocrx_word' id='word_1_210' title='bbox 1561 1808 1614 1850; x_wconf 89' lang='lat' dir='ltr'>ab</span> <span class='ocrx_word' id='word_1_211' title='bbox 1659 1807 1752 1863; x_wconf 89' lang='lat' dir='ltr'>ipso</span> <span class='ocrx_word' id='word_1_212' title='bbox 1796 1807 1954 1850; x_wconf 86' lang='lat' dir='ltr'>Beato</span> 
     </span>
     <span class='ocr_line' id='line_1_24' title="bbox 202 1880 802 1936; baseline -0.01 -9"><span class='ocrx_word' id='word_1_213' title='bbox 202 1885 446 1927; x_wconf 84' lang='lat' dir='ltr'>Rhenano</span> <span class='ocrx_word' id='word_1_214' title='bbox 480 1896 577 1924; x_wconf 93' lang='lat' dir='ltr'>eum</span> <span class='ocrx_word' id='word_1_215' title='bbox 608 1880 802 1936; x_wconf 89' lang='lat' dir='ltr'>pendere.</span> 
     </span>
    </p>

    <p class='ocr_par' dir='ltr' id='par_1_5' title="bbox 203 1950 1961 2864">
     <span class='ocr_line' id='line_1_25' title="bbox 324 1950 1957 2006; baseline -0.002 -9"><span class='ocrx_word' id='word_1_216' title='bbox 324 1955 459 2006; x_wconf 82' lang='lat' dir='ltr'>Quam</span> <span class='ocrx_word' id='word_1_217' title='bbox 491 1955 605 1995; x_wconf 88' lang='lat' dir='ltr'>recte</span> <span class='ocrx_word' id='word_1_218' title='bbox 639 1951 794 1993; x_wconf 85' lang='lat' dir='ltr'>dixerit</span> <span class='ocrx_word' id='word_1_219' title='bbox 826 1951 1015 1993; x_wconf 89' lang='lat' dir='ltr'>Beatus</span> <span class='ocrx_word' id='word_1_220' title='bbox 1046 1950 1320 1993; x_wconf 85' lang='lat' dir='ltr'>Rhenanus</span> <span class='ocrx_word' id='word_1_221' title='bbox 1354 1955 1571 1994; x_wconf 88' lang='lat' dir='ltr'>auctorem</span> <span class='ocrx_word' id='word_1_222' title='bbox 1602 1952 1758 1994; x_wconf 91' lang='lat' dir='ltr'>horum</span> <span class='ocrx_word' id='word_1_223' title='bbox 1793 1951 1957 1994; x_wconf 91' lang='lat' dir='ltr'>herme-</span> 
     </span>
     <span class='ocr_line' id='line_1_26' title="bbox 203 2021 1957 2078; baseline -0.003 -8"><span class='ocrx_word' id='word_1_224' title='bbox 203 2029 438 2070; x_wconf 89' lang='lat' dir='ltr'>neumaton</span> <span class='ocrx_word' id='word_1_225' title='bbox 476 2040 497 2066; x_wconf 94' lang='lat' dir='ltr'>e</span> <span class='ocrx_word' id='word_1_226' title='bbox 535 2023 863 2065; x_wconf 89' lang='lat' dir='ltr'>dictionariis</span> <span class='ocrx_word' id='word_1_227' title='bbox 901 2037 977 2064; x_wconf 89' lang='lat' dir='ltr'>sua</span> <span class='ocrx_word' id='word_1_228' title='bbox 1016 2022 1291 2064; x_wconf 86' lang='lat' dir='ltr'>concinnasse</span> <span class='ocrx_word' id='word_1_229' title='bbox 1323 2022 1447 2065; x_wconf 88' lang='lat' dir='ltr'>facile</span> <span class='ocrx_word' id='word_1_230' title='bbox 1481 2025 1668 2078; x_wconf 87' lang='lat' dir='ltr'>apparet.</span> <span class='ocrx_word' id='word_1_231' title='bbox 1730 2021 1844 2065; x_wconf 87' lang='lat' dir='ltr'>Nam</span> <span class='ocrx_word' id='word_1_232' title='bbox 1876 2023 1957 2065; x_wconf 90' lang='lat' dir='ltr'>etsi</span> 
     </span>
     <span class='ocr_line' id='line_1_27' title="bbox 205 2090 1958 2155; baseline -0.002 -14"><span class='ocrx_word' id='word_1_233' title='bbox 205 2115 282 2155; x_wconf 89' lang='lat' dir='ltr'>pro</span> <span class='ocrx_word' id='word_1_234' title='bbox 309 2098 588 2140; x_wconf 84' lang='lat' dir='ltr'>fundamento</span> <span class='ocrx_word' id='word_1_235' title='bbox 615 2099 715 2138; x_wconf 88' lang='lat' dir='ltr'>sunt</span> <span class='ocrx_word' id='word_1_236' title='bbox 740 2095 1092 2137; x_wconf 86' lang='lat' dir='ltr'>hermeneumata</span> <span class='ocrx_word' id='word_1_237' title='bbox 1110 2090 1451 2150; x_wconf 86' lang='lat' dir='ltr'>Monacensia,</span> <span class='ocrx_word' id='word_1_238' title='bbox 1478 2094 1635 2150; x_wconf 88' lang='lat' dir='ltr'>quibus</span> <span class='ocrx_word' id='word_1_239' title='bbox 1654 2093 1759 2136; x_wconf 82' lang='lat' dir='ltr'>satis</span> <span class='ocrx_word' id='word_1_240' title='bbox 1777 2094 1958 2137; x_wconf 90' lang='lat' dir='ltr'>licenter</span> 
     </span>
     <span class='ocr_line' id='line_1_28' title="bbox 207 2165 1959 2223; baseline -0.003 -10"><span class='ocrx_word' id='word_1_241' title='bbox 207 2186 309 2213; x_wconf 87' lang='lat' dir='ltr'>usus</span> <span class='ocrx_word' id='word_1_242' title='bbox 347 2173 412 2211; x_wconf 89' lang='lat' dir='ltr'>est</span> <span class='ocrx_word' id='word_1_243' title='bbox 450 2182 688 2223; x_wconf 87' lang='lat' dir='ltr'>anonymus</span> <span class='ocrx_word' id='word_1_244' title='bbox 727 2166 896 2208; x_wconf 90' lang='lat' dir='ltr'>omissis</span> <span class='ocrx_word' id='word_1_245' title='bbox 935 2165 996 2207; x_wconf 89' lang='lat' dir='ltr'>eis</span> <span class='ocrx_word' id='word_1_246' title='bbox 1035 2180 1143 2221; x_wconf 88' lang='lat' dir='ltr'>quae</span> <span class='ocrx_word' id='word_1_247' title='bbox 1180 2180 1267 2207; x_wconf 88' lang='lat' dir='ltr'>non</span> <span class='ocrx_word' id='word_1_248' title='bbox 1299 2165 1588 2223; x_wconf 89' lang='lat' dir='ltr'>intellegeret,</span> <span class='ocrx_word' id='word_1_249' title='bbox 1630 2165 1725 2207; x_wconf 88' lang='lat' dir='ltr'>aliis</span> <span class='ocrx_word' id='word_1_250' title='bbox 1757 2166 1959 2208; x_wconf 86' lang='lat' dir='ltr'>audacter</span> 
     </span>
     <span class='ocr_line' id='line_1_29' title="bbox 206 2237 1959 2294; baseline -0.003 -10"><span class='ocrx_word' id='word_1_251' title='bbox 206 2242 385 2284; x_wconf 85' lang='lat' dir='ltr'>mutatis</span> <span class='ocrx_word' id='word_1_252' title='bbox 418 2244 461 2282; x_wconf 88' lang='lat' dir='ltr'>et</span> <span class='ocrx_word' id='word_1_253' title='bbox 487 2240 590 2281; x_wconf 89' lang='lat' dir='ltr'>adeo</span> <span class='ocrx_word' id='word_1_254' title='bbox 618 2239 842 2294; x_wconf 88' lang='lat' dir='ltr'>corruptis,</span> <span class='ocrx_word' id='word_1_255' title='bbox 873 2242 1019 2280; x_wconf 86' lang='lat' dir='ltr'>tamen</span> <span class='ocrx_word' id='word_1_256' title='bbox 1046 2237 1176 2279; x_wconf 89' lang='lat' dir='ltr'>etiam</span> <span class='ocrx_word' id='word_1_257' title='bbox 1202 2237 1371 2280; x_wconf 87' lang='lat' dir='ltr'>aliunde</span> <span class='ocrx_word' id='word_1_258' title='bbox 1399 2237 1616 2294; x_wconf 87' lang='lat' dir='ltr'>exemplar</span> <span class='ocrx_word' id='word_1_259' title='bbox 1642 2252 1766 2280; x_wconf 93' lang='lat' dir='ltr'>suum</span> <span class='ocrx_word' id='word_1_260' title='bbox 1793 2237 1959 2294; x_wconf 86' lang='lat' dir='ltr'>ditavit,</span> 
     </span>
     <span class='ocr_line' id='line_1_30' title="bbox 207 2307 1959 2369; baseline -0.002 -14"><span class='ocrx_word' id='word_1_261' title='bbox 207 2314 334 2369; x_wconf 91' lang='lat' dir='ltr'>idque</span> <span class='ocrx_word' id='word_1_262' title='bbox 368 2311 564 2368; x_wconf 88' lang='lat' dir='ltr'>inprimis</span> <span class='ocrx_word' id='word_1_263' title='bbox 598 2326 648 2352; x_wconf 88' lang='lat' dir='ltr'>ex</span> <span class='ocrx_word' id='word_1_264' title='bbox 682 2311 815 2365; x_wconf 88' lang='lat' dir='ltr'>copiis</span> <span class='ocrx_word' id='word_1_265' title='bbox 840 2308 1233 2364; x_wconf 85' lang='lat' dir='ltr'>Pseudocyrilli.</span> <span class='ocrx_word' id='word_1_266' title='bbox 1286 2308 1496 2365; x_wconf 83' lang='lat' dir='ltr'>Compara</span> <span class='ocrx_word' id='word_1_267' title='bbox 1528 2307 1586 2350; x_wconf 87' lang='lat' dir='ltr'>sis</span> <span class='ocrx_word' id='word_1_268' title='bbox 1619 2308 1804 2364; x_wconf 87' lang='lat' dir='ltr'>exempli</span> <span class='ocrx_word' id='word_1_269' title='bbox 1831 2324 1959 2351; x_wconf 87' lang='lat' dir='ltr'>causa</span> 
     </span>
     <span class='ocr_line' id='line_1_31' title="bbox 209 2379 1959 2441; baseline -0.002 -14"><span class='ocrx_word' id='word_1_270' title='bbox 209 2384 445 2441; x_wconf 86' lang='lat' dir='ltr'>capitulum</span> <span class='ocrx_word' id='word_1_271' title='bbox 490 2382 603 2437; x_wconf 88' lang='lat' dir='ltr'>quod</span> <span class='ocrx_word' id='word_1_272' title='bbox 646 2386 710 2423; x_wconf 91' lang='lat' dir='ltr'>est</span> <span class='ocrx_word' id='word_1_273' title='bbox 749 2382 799 2423; x_wconf 92' lang='lat' dir='ltr'>de</span> <span class='ocrx_word' id='word_1_274' title='bbox 840 2381 991 2423; x_wconf 90' lang='lat' dir='ltr'>diebus</span> <span class='ocrx_word' id='word_1_275' title='bbox 1026 2380 1149 2422; x_wconf 84' lang='lat' dir='ltr'>festis</span> <span class='ocrx_word' id='word_1_276' title='bbox 1181 2380 1239 2437; x_wconf 90' lang='lat' dir='ltr'>(p.</span> <span class='ocrx_word' id='word_1_277' title='bbox 1274 2382 1379 2436; x_wconf 78' lang='lat'>239,</span> <span class='ocrx_word' id='word_1_278' title='bbox 1406 2382 1462 2423; x_wconf 70' lang='lat'>23</span> <span class='ocrx_word' id='word_1_279' title='bbox 1483 2379 1594 2436; x_wconf 79' lang='lat' dir='ltr'>sqq.)</span> <span class='ocrx_word' id='word_1_280' title='bbox 1633 2395 1729 2421; x_wconf 90' lang='lat' dir='ltr'>cum</span> <span class='ocrx_word' id='word_1_281' title='bbox 1766 2380 1959 2423; x_wconf 88' lang='lat' dir='ltr'>herme-</span> 
     </span>
     <span class='ocr_line' id='line_1_32' title="bbox 208 2450 1959 2509; baseline -0.002 -11"><span class='ocrx_word' id='word_1_282' title='bbox 208 2454 463 2499; x_wconf 90' lang='lat' dir='ltr'>neumatis</span> <span class='ocrx_word' id='word_1_283' title='bbox 494 2453 887 2495; x_wconf 86' lang='lat' dir='ltr'>Monacensibus</span> <span class='ocrx_word' id='word_1_284' title='bbox 919 2452 978 2509; x_wconf 74' lang='lat' dir='ltr'>(p.</span> <span class='ocrx_word' id='word_1_285' title='bbox 1014 2453 1112 2506; x_wconf 72' lang='lat'>171,</span> <span class='ocrx_word' id='word_1_286' title='bbox 1137 2452 1194 2494; x_wconf 82' lang='lat'>35</span> <span class='ocrx_word' id='word_1_287' title='bbox 1216 2450 1342 2508; x_wconf 87' lang='lat' dir='ltr'>sqq.):</span> <span class='ocrx_word' id='word_1_288' title='bbox 1382 2466 1489 2508; x_wconf 89' lang='lat' dir='ltr'>quae</span> <span class='ocrx_word' id='word_1_289' title='bbox 1520 2466 1609 2493; x_wconf 92' lang='lat' dir='ltr'>non</span> <span class='ocrx_word' id='word_1_290' title='bbox 1641 2465 1662 2492; x_wconf 93' lang='lat' dir='ltr'>e</span> <span class='ocrx_word' id='word_1_291' title='bbox 1694 2450 1959 2494; x_wconf 86' lang='lat' dir='ltr'>Monacen-</span> 
     </span>
     <span class='ocr_line' id='line_1_33' title="bbox 211 2522 1961 2581; baseline -0.003 -11"><span class='ocrx_word' id='word_1_292' title='bbox 211 2528 353 2570; x_wconf 89' lang='lat' dir='ltr'>sibus</span> <span class='ocrx_word' id='word_1_293' title='bbox 385 2525 522 2581; x_wconf 88' lang='lat' dir='ltr'>petita</span> <span class='ocrx_word' id='word_1_294' title='bbox 553 2528 666 2579; x_wconf 87' lang='lat' dir='ltr'>sunt,</span> <span class='ocrx_word' id='word_1_295' title='bbox 699 2539 845 2566; x_wconf 90' lang='lat' dir='ltr'>eorum</span> <span class='ocrx_word' id='word_1_296' title='bbox 879 2523 1015 2566; x_wconf 87' lang='lat' dir='ltr'>maior</span> <span class='ocrx_word' id='word_1_297' title='bbox 1046 2538 1146 2579; x_wconf 87' lang='lat' dir='ltr'>pars</span> <span class='ocrx_word' id='word_1_298' title='bbox 1177 2538 1228 2565; x_wconf 83' lang='lat' dir='ltr'>ex</span> <span class='ocrx_word' id='word_1_299' title='bbox 1253 2522 1644 2578; x_wconf 84' lang='lat' dir='ltr'>Pseudocyrillo</span> <span class='ocrx_word' id='word_1_300' title='bbox 1670 2522 1844 2578; x_wconf 70' lang='lat' dir='ltr'>pendet,</span> <span class='ocrx_word' id='word_1_301' title='bbox 1877 2523 1961 2565; x_wconf 87' lang='lat' dir='ltr'>alia</span> 
     </span>
     <span class='ocr_line' id='line_1_34' title="bbox 210 2594 1961 2653; baseline -0.002 -12"><span class='ocrx_word' id='word_1_302' title='bbox 210 2614 262 2642; x_wconf 84' lang='lat' dir='ltr'>ex</span> <span class='ocrx_word' id='word_1_303' title='bbox 299 2601 481 2653; x_wconf 88' lang='lat' dir='ltr'>utroque</span> <span class='ocrx_word' id='word_1_304' title='bbox 520 2596 639 2638; x_wconf 84' lang='lat' dir='ltr'>fonte</span> <span class='ocrx_word' id='word_1_305' title='bbox 678 2599 778 2638; x_wconf 86' lang='lat' dir='ltr'>sunt</span> <span class='ocrx_word' id='word_1_306' title='bbox 816 2595 1123 2649; x_wconf 84' lang='lat' dir='ltr'>contaminata,</span> <span class='ocrx_word' id='word_1_307' title='bbox 1166 2595 1276 2637; x_wconf 86' lang='lat' dir='ltr'>unde</span> <span class='ocrx_word' id='word_1_308' title='bbox 1316 2595 1397 2637; x_wconf 91' lang='lat' dir='ltr'>dici</span> <span class='ocrx_word' id='word_1_309' title='bbox 1435 2594 1585 2649; x_wconf 90' lang='lat' dir='ltr'>nequit</span> <span class='ocrx_word' id='word_1_310' title='bbox 1624 2608 1752 2649; x_wconf 89' lang='lat' dir='ltr'>quam</span> <span class='ocrx_word' id='word_1_311' title='bbox 1790 2594 1961 2637; x_wconf 86' lang='lat' dir='ltr'>ridiculi</span> 
     </span>
     <span class='ocr_line' id='line_1_35' title="bbox 211 2665 1959 2723; baseline -0.003 -9"><span class='ocrx_word' id='word_1_312' title='bbox 211 2684 375 2714; x_wconf 84' lang='lat' dir='ltr'>errores</span> <span class='ocrx_word' id='word_1_313' title='bbox 425 2667 637 2723; x_wconf 88' lang='lat' dir='ltr'>procreati</span> <span class='ocrx_word' id='word_1_314' title='bbox 688 2668 784 2709; x_wconf 87' lang='lat' dir='ltr'>sint.</span> <span class='ocrx_word' id='word_1_315' title='bbox 853 2666 965 2708; x_wconf 89' lang='lat' dir='ltr'>Hinc</span> <span class='ocrx_word' id='word_1_316' title='bbox 1012 2666 1263 2722; x_wconf 89' lang='lat' dir='ltr'>corrigenda</span> <span class='ocrx_word' id='word_1_317' title='bbox 1307 2670 1408 2709; x_wconf 89' lang='lat' dir='ltr'>sunt</span> <span class='ocrx_word' id='word_1_318' title='bbox 1452 2680 1560 2721; x_wconf 88' lang='lat' dir='ltr'>quae</span> <span class='ocrx_word' id='word_1_319' title='bbox 1604 2665 1654 2706; x_wconf 88' lang='lat' dir='ltr'>de</span> <span class='ocrx_word' id='word_1_320' title='bbox 1698 2665 1780 2707; x_wconf 91' lang='lat' dir='ltr'>hoc</span> <span class='ocrx_word' id='word_1_321' title='bbox 1821 2665 1959 2709; x_wconf 85' lang='lat' dir='ltr'>lexico</span> 
     </span>
     <span class='ocr_line' id='line_1_36' title="bbox 212 2731 1961 2796; baseline -0.002 -13"><span class='ocrx_word' id='word_1_322' title='bbox 212 2739 389 2796; x_wconf 88' lang='lat' dir='ltr'>exponit</span> <span class='ocrx_word' id='word_1_323' title='bbox 421 2737 866 2780; x_wconf 86' lang='lat' dir='ltr'>Schoenemannus</span> <span class='ocrx_word' id='word_1_324' title='bbox 898 2754 937 2793; x_wconf 90' lang='lat' dir='ltr'>p.</span> <span class='ocrx_word' id='word_1_325' title='bbox 970 2740 1023 2780; x_wconf 84' lang='lat'>41</span> <span class='ocrx_word' id='word_1_326' title='bbox 1050 2753 1156 2793; x_wconf 56' lang='lat' dir='ltr'>sqq„</span> <span class='ocrx_word' id='word_1_327' title='bbox 1191 2739 1293 2794; x_wconf 79' lang='lat'>1153</span> <span class='ocrx_word' id='word_1_328' title='bbox 1332 2738 1405 2794; x_wconf 89' lang='lat' dir='ltr'>qui</span> <span class='ocrx_word' id='word_1_329' title='bbox 1438 2731 1640 2792; x_wconf 80' lang='lat' dir='ltr'>deceptus</span> <span class='ocrx_word' id='word_1_330' title='bbox 1672 2736 1819 2779; x_wconf 86' lang='lat' dir='ltr'>ordine</span> <span class='ocrx_word' id='word_1_331' title='bbox 1852 2737 1961 2793; x_wconf 88' lang='lat' dir='ltr'>capi-</span> 
     </span>
     <span class='ocr_line' id='line_1_37' title="bbox 211 2808 1960 2864; baseline -0.003 -9"><span class='ocrx_word' id='word_1_332' title='bbox 211 2812 402 2855; x_wconf 86' lang='lat' dir='ltr'>tulorum</span> <span class='ocrx_word' id='word_1_333' title='bbox 447 2823 470 2849; x_wconf 86' lang='lat' dir='ltr'>a</span> <span class='ocrx_word' id='word_1_334' title='bbox 515 2823 613 2850; x_wconf 86' lang='lat' dir='ltr'>vero</span> <span class='ocrx_word' id='word_1_335' title='bbox 659 2809 815 2851; x_wconf 88' lang='lat' dir='ltr'>iudicio</span> <span class='ocrx_word' id='word_1_336' title='bbox 855 2809 917 2850; x_wconf 88' lang='lat' dir='ltr'>ita</span> <span class='ocrx_word' id='word_1_337' title='bbox 954 2808 1187 2863; x_wconf 85' lang='lat' dir='ltr'>aberravit,</span> <span class='ocrx_word' id='word_1_338' title='bbox 1231 2812 1278 2850; x_wconf 91' lang='lat' dir='ltr'>ut</span> <span class='ocrx_word' id='word_1_339' title='bbox 1316 2809 1398 2851; x_wconf 90' lang='lat' dir='ltr'>hoc</span> <span class='ocrx_word' id='word_1_340' title='bbox 1435 2808 1689 2864; x_wconf 90' lang='lat' dir='ltr'>opusculum</span> <span class='ocrx_word' id='word_1_341' title='bbox 1726 2808 1960 2863; x_wconf 89' lang='lat' dir='ltr'>pessimum</span> 
     </span>
    </p>
   </div>
   <div class='ocr_carea' id='block_1_3' title="bbox 211 2878 1962 3011">
    <p class='ocr_par' dir='ltr' id='par_1_6' title="bbox 211 2878 1962 3011">
     <span class='ocr_line' id='line_1_38' title="bbox 211 2878 1962 2942; baseline -0.003 -16"><span class='ocrx_word' id='word_1_342' title='bbox 211 2882 391 2938; x_wconf 88' lang='lat' dir='ltr'>reliquis</span> <span class='ocrx_word' id='word_1_343' title='bbox 428 2879 617 2922; x_wconf 91' lang='lat' dir='ltr'>eiusdem</span> <span class='ocrx_word' id='word_1_344' title='bbox 656 2881 825 2936; x_wconf 88' lang='lat' dir='ltr'>generis</span> <span class='ocrx_word' id='word_1_345' title='bbox 863 2883 1160 2942; x_wconf 85' lang='lat' dir='ltr'>anteponeret,</span> <span class='ocrx_word' id='word_1_346' title='bbox 1199 2880 1355 2936; x_wconf 90' lang='lat' dir='ltr'>quippe</span> <span class='ocrx_word' id='word_1_347' title='bbox 1395 2879 1509 2935; x_wconf 90' lang='lat' dir='ltr'>quod</span> <span class='ocrx_word' id='word_1_348' title='bbox 1546 2894 1570 2921; x_wconf 91' lang='lat' dir='ltr'>a</span> <span class='ocrx_word' id='word_1_349' title='bbox 1606 2878 1790 2934; x_wconf 88' lang='lat' dir='ltr'>pristina</span> <span class='ocrx_word' id='word_1_350' title='bbox 1822 2879 1962 2921; x_wconf 89' lang='lat' dir='ltr'>forma</span> 
     </span>
     <span class='ocr_line' id='line_1_39' title="bbox 211 2952 600 3011; baseline -0.015 -13"><span class='ocrx_word' id='word_1_351' title='bbox 211 2953 387 3011; x_wconf 88' lang='lat' dir='ltr'>propius</span> <span class='ocrx_word' id='word_1_352' title='bbox 419 2952 600 2993; x_wconf 88' lang='lat' dir='ltr'>abesset.</span> 
     </span>
    </p>
   </div>
   <div class='ocr_carea' id='block_1_4' title="bbox 215 3055 1962 3103">
    <p class='ocr_par' dir='ltr' id='par_1_7' title="bbox 215 3055 1962 3103">
     <span class='ocr_line' id='line_1_40' title="bbox 215 3055 1962 3103; baseline -0.004 -7"><span class='ocrx_word' id='word_1_353' title='bbox 215 3071 312 3096; x_wconf 87' lang='lat' dir='ltr'>anno</span> <span class='ocrx_word' id='word_1_354' title='bbox 341 3057 721 3093; x_wconf 87' lang='lat' dir='ltr'>MCCCCLXXXXIII</span> <span class='ocrx_word' id='word_1_355' title='bbox 746 3058 785 3093; x_wconf 91' lang='lat' dir='ltr'>in</span> <span class='ocrx_word' id='word_1_356' title='bbox 811 3057 1038 3093; x_wconf 82' lang='lat' dir='ltr'>monasterio</span> <span class='ocrx_word' id='word_1_357' title='bbox 1060 3057 1238 3092; x_wconf 81' lang='lat' dir='ltr'>Bobiensi</span> <span class='ocrx_word' id='word_1_358' title='bbox 1262 3059 1431 3103; x_wconf 86' lang='lat' dir='ltr'>repertos</span> <span class='ocrx_word' id='word_1_359' title='bbox 1456 3056 1657 3092; x_wconf 85' lang='lat' dir='ltr'>memorari</span> <span class='ocrx_word' id='word_1_360' title='bbox 1681 3055 1819 3090; x_wconf 84' lang='lat' dir='ltr'>librum</span> <span class='ocrx_word' id='word_1_361' title='bbox 1843 3055 1962 3100; x_wconf 83' lang='lat' dir='ltr'>persi-</span> 
     </span>
    </p>
   </div>
   <div class='ocr_carea' id='block_1_5' title="bbox 214 3113 1960 3219">
    <p class='ocr_par' dir='ltr' id='par_1_8' title="bbox 214 3113 1960 3219">
     <span class='ocr_line' id='line_1_41' title="bbox 214 3113 1960 3162; baseline -0.004 -7"><span class='ocrx_word' id='word_1_362' title='bbox 214 3120 342 3155; x_wconf 88' lang='lat' dir='ltr'>milem</span> <span class='ocrx_word' id='word_1_363' title='bbox 370 3116 486 3153; x_wconf 77' lang='lat' dir='ltr'>‘Iulio</span> <span class='ocrx_word' id='word_1_364' title='bbox 513 3115 659 3151; x_wconf 89' lang='lat' dir='ltr'>Polluci</span> <span class='ocrx_word' id='word_1_365' title='bbox 691 3117 736 3152; x_wconf 89' lang='lat' dir='ltr'>de</span> <span class='ocrx_word' id='word_1_366' title='bbox 769 3116 961 3153; x_wconf 84' lang='lat' dir='ltr'>vocabulis</span> <span class='ocrx_word' id='word_1_367' title='bbox 992 3117 1150 3161; x_wconf 83' lang='lat' dir='ltr'>rerum’,</span> <span class='ocrx_word' id='word_1_368' title='bbox 1187 3117 1251 3152; x_wconf 90' lang='lat' dir='ltr'>sed</span> <span class='ocrx_word' id='word_1_369' title='bbox 1277 3116 1347 3151; x_wconf 90' lang='lat' dir='ltr'>hoc</span> <span class='ocrx_word' id='word_1_370' title='bbox 1375 3115 1613 3162; x_wconf 88' lang='lat' dir='ltr'>ampliorem:</span> <span class='ocrx_word' id='word_1_371' title='bbox 1647 3114 1783 3150; x_wconf 85' lang='lat' dir='ltr'>Latina</span> <span class='ocrx_word' id='word_1_372' title='bbox 1809 3113 1960 3149; x_wconf 78' lang='lat' dir='ltr'>Graecis</span> 
     </span>
     <span class='ocr_line' id='line_1_42' title="bbox 215 3173 685 3219; baseline -0.009 -4"><span class='ocrx_word' id='word_1_373' title='bbox 215 3177 410 3215; x_wconf 84' lang='lat' dir='ltr'>vocabulis</span> <span class='ocrx_word' id='word_1_374' title='bbox 435 3173 685 3219; x_wconf 74' lang='lat' dir='ltr'>respondisse.</span> 
     </span>
    </p>
   </div>
  </div>
 </body>
</html>
