2194 3475
131 1780 163 1805 10

131 2141 163 2167 15

130 2577 164 2603 20

470 840 998 892 ΚΑΘΗΜΕΡΙΝΗΣ
1039 838 1332 891 OMILIAE
1370 837 1665 887 BIBAION

186 961 274 1005 Σὺν
307 961 446 1017 ἀγαθῇ
474 961 579 1016 τύχῃ
608 974 706 1002 cum
735 960 848 1001 bona
876 959 1049 1002 fortuna

182 1036 250 1077 καὶ
283 1034 474 1086 εὐτυχῶς
496 1068 502 1074 .
525 1035 568 1074 et
600 1031 785 1074 feliciter
806 1067 812 1073 .

183 1108 330 1159 ἐπειδὴ
365 1106 454 1158 ὁρῶ
488 1104 692 1161 quoniam
726 1104 851 1146 uideo

183 1181 375 1221 πολλοὺς
402 1180 714 1231 ἐπιθυμοῦντας
742 1177 903 1220 multos
929 1177 1048 1234 cupi-

244 1253 365 1294 entes

183 1325 385 1377 ῥωμαιςτὶ
418 1325 686 1373 διαλέγεςθαι
720 1322 852 1365 latine
887 1323 1005 1379 loqui

183 1398 250 1440 καὶ
284 1397 495 1449 ἑλληνιςτὶ
528 1399 571 1438 et
604 1411 758 1452 graece

183 1472 285 1523 μήτε
320 1470 510 1522 εὐχερῶς
543 1484 683 1524 neque
716 1468 841 1510 facile

183 1543 386 1586 δύναςθαι
419 1557 544 1597 posse

182 1615 252 1657 διὰ
282 1617 361 1667 τὴν
389 1617 637 1667 δυςχέρειαν
664 1617 842 1670 propter
869 1614 1047 1657 difficul-

243 1690 379 1730 tatem

184 1761 250 1803 καὶ
293 1761 618 1812 πολυπλήθειαν
651 1762 695 1801 et
727 1760 1050 1803 multitudinem

182 1836 271 1876 τῶν
304 1832 524 1886 ῥημάτων,
556 1831 807 1887 uerborum,

183 1910 233 1962 τῇ
267 1907 344 1962 ἐμῇ
378 1904 642 1958 κακοπαθείᾳ
674 1918 769 1946 meo
803 1904 950 1947 labore

185 1979 252 2020 καὶ
285 1977 523 2032 φιλοπονίᾳ
556 1979 598 2018 et
632 1975 842 2018 industria

184 2051 263 2093 οὐκ
295 2050 530 2103 ἐφειςάμην
564 2064 651 2091 non
683 2049 853 2105 peperci

183 2126 260 2165 τοῦ
294 2124 347 2175 μὴ
382 2126 551 2174 ποιῆςαι
584 2124 633 2163 ut
664 2137 749 2163 11011
786 2122 970 2164 facerem

183 2195 303 2238 ὅπως
335 2196 383 2238 ἑν
416 2196 520 2247 τριςὶ
555 2195 728 2248 βιβλίοις
763 2197 810 2236 ut
837 2195 879 2237 in
908 2195 1050 2237 tribus

242 2266 367 2309 libris

183 2339 516 2392 ἑρμηνευμάτων
562 2339 1049 2396 interpretamentorum

184 2412 326 2455 πάντα
357 2413 411 2455 τὰ
443 2413 609 2466 ῥήματα
642 2412 787 2454 omnia
821 2412 953 2455 uerba

184 2485 426 2537 ςυγγράψαι
448 2520 455 2526 .
477 2484 771 2527 conscribere.

184 2559 374 2599 πολλοὺς
395 2558 476 2610 γὰρ
498 2558 588 2610 ὁρῶ
609 2557 771 2600 multos
792 2557 906 2600 enim
922 2557 1047 2600 uideo

183 2630 554 2682 ἐπικεχειρηκότα(
588 2633 765 2672 conatos

184 2702 236 2744 οὐ
257 2703 363 2744 κατὰ
382 2704 458 2755 τὴν
483 2702 604 2746 ἀξίαν
626 2718 714 2744 11011
735 2718 813 2759 pro
836 2702 1049 2759 dignitate

1087 958 1228 1000 καθὼς
1261 957 1368 999 αὐτὸ
1401 956 1512 998 sicut
1546 956 1637 1011 ipsa

1087 1032 1136 1073 τὸ
1170 1032 1344 1082 πρᾶγμα
1377 1030 1504 1084 αἰτεῖ,
1537 1044 1604 1070 res
1637 1027 1845 1083 postulat,

1088 1103 1199 1145 ἀλλὰ
1231 1106 1305 1155 τῆς
1339 1102 1445 1144 ἰδίας
1479 1100 1552 1142 sed
1585 1115 1685 1142 suae

1087 1175 1309 1227 ἐπιθυμίας
1344 1175 1411 1216 καὶ
1444 1172 1696 1229 cupiditatis
1729 1175 1770 1213 et

1087 1248 1319 1301 γυμναςίας
1353 1244 1675 1288 exercitationis

1088 1322 1214 1365 ἐ’νεκα
1236 1355 1243 1362 .
1265 1320 1404 1363 οὕτως
1438 1317 1579 1375 gratia
1603 1353 1609 1359 .
1631 1317 1692 1359 sic

1087 1396 1214 1447 κενὴν
1247 1393 1450 1445 καύχηςιν
1484 1391 1655 1433 inanem
1688 1389 1873 1446 gloriam

1087 1467 1174 1510 ἀπὸ
1205 1470 1284 1510 τοῦ
1317 1465 1493 1518 πρώτου
1527 1479 1551 1505 a
1583 1462 1722 1519 primo
1974 1478 2007 1503 πο

1087 1541 1336 1594 ἀπήνεγκαν
1369 1540 1490 1590 μέχρι
1517 1534 1790 1577 abstulerunt
1817 1547 1951 1588 usque

1086 1616 1164 1656 τοῦ
1197 1611 1378 1664 ἐςχάτου
1401 1645 1408 1651 .
1431 1609 1483 1651 ad
1516 1611 1779 1651 extremum.

1087 1685 1144 1728 δι’
1177 1688 1229 1738 ἣν
1257 1684 1395 1726 αἰτίαν
1421 1684 1599 1739 propter
1625 1695 1753 1736 quam
1781 1694 1951 1721 causum

1090 1760 1141 1802 οὐ
1175 1760 1320 1810 τολμῶ
1352 1770 1439 1798 11011
1473 1753 1608 1796 audeo

1090 1831 1295 1874 πλείονας
1328 1829 1485 1879 λόγους
1518 1826 1643 1882 plura
1676 1825 1808 1867 uerba
1972 1841 2006 1866 35

1090 1907 1282 1958 ποιῆςαι,
1315 1901 1427 1943 ἀλλὰ
1459 1900 1617 1953 facere,
1649 1897 1723 1940 sed

1089 1977 1295 2029 βούλομαι
1328 1973 1456 2016 ἅπαςι
1490 1971 1589 2018 11010
1624 1969 1826 2012 omnibus

1087 2048 1282 2101 φανερὸν
1316 2049 1485 2098 ποιῆςαι
1519 2043 1660 2099 palam
1693 2043 1831 2084 facere

1088 2122 1249 2174 μηδένα
1285 2121 1452 2173 βέλτιον
1485 2115 1702 2158 neminem
1735 2114 1890 2156 melius

1087 2196 1190 2248 μήτε
1218 2193 1516 2245 ἀκριβέςτερον
1536 2203 1675 2244 neque
1697 2187 1953 2244 exquisitius
1973 2204 2008 2229 40

1087 2266 1367 2319 <ἑρμηνεῦςαι
1400 2262 1737 2319 interpretasse>

1088 2341 1201 2392 πλὴν
1234 2339 1339 2390 ἐμοῦ
1372 2352 1500 2392 quam
1537 2350 1604 2377 me

1088 2414 1136 2455 ἑν
1168 2412 1273 2463 τριςὶ
1308 2410 1481 2463 βιβλίοις
1515 2412 1559 2450 in
1591 2406 1731 2450 tribus
1764 2406 1888 2449 libris

1088 2485 1114 2526 ἃ
1149 2484 1399 2535 ςυνέγραψα
1422 2516 1429 2523 .
1451 2496 1559 2536 quos
1592 2479 1849 2536 conscripsi.

1088 2556 1150 2599 ὧν
1183 2558 1358 2608 πρῶτον
1391 2568 1574 2609 quorum
1607 2552 1772 2609 primus
1973 2566 2008 2591 45

1088 2630 1201 2671 ἕςται
1235 2631 1308 2680 τῆς
1343 2626 1425 2668 erit

1089 2702 1295 2755 ἡμετέρας
1327 2701 1501 2741 nostrae

304 2831 501 2867 Vocabula
538 2834 716 2879 excerpta
756 2844 800 2869 ex
838 2832 934 2868 Iulio
974 2832 1192 2878 Polydeuca
1229 2842 1343 2878 greca
1381 2831 1419 2866 et
1458 2828 1581 2864 latina
1619 2829 1699 2865 cod.
1742 2828 1892 2864 Einsz'd.
1922 2833 1952 2863 1.

183 2892 449 2927 Πολυδεύκους
485 2894 568 2936 περὶ
607 2896 856 2938 καθημερινῆς
888 2893 1041 2937 ὁμιλίας.

1097 2891 1246 2928 Polucis
1280 2890 1326 2926 de
1360 2889 1586 2935 quotidiana.
1617 2888 1840 2933 loquutione
1876 2889 1952 2924 cod.

187 2952 331 2995 Paris.;
357 2952 441 2987 item
465 2953 540 2996 fere
565 2953 641 2989 cod.
671 2952 776 2990 Flor.
796 2955 808 2998 ΙΙ
830 2958 859 2989 7.
889 2955 981 2998 μηδὲ
1008 2953 1204 2999 Haupttus
1223 2952 1235 2997 ΙΙ
1258 2955 1312 2987 12.
1342 2951 1522 2998 qenetivos
1546 2950 1709 2986 restituit
1730 2949 1924 2994 Hauptz'us

189 3016 243 3048 12.
279 3016 332 3048 13.
372 3011 496 3048 labori
535 3014 574 3048 et
604 3011 815 3048 industriae
847 3015 924 3050 cod.
952 3014 1075 3050 Paris.
1114 3016 1126 3059 ss
1166 3016 1220 3047 15.
1257 3010 1457 3056 quominus
1483 3009 1648 3045 facerem
1675 3010 1818 3045 Beatus
1844 3009 1916 3045 Rh.
1944 3011 1945 3034 l

188 3075 242 3107 16.
275 3072 394 3119 ὅπως]
427 3074 521 3109 ὥςτε
553 3073 785 3109 Boucherius
815 3075 827 3119 ΙΙ
859 3077 914 3109 19.
949 3075 1198 3118 ςυγγρὰψαιμι
1233 3071 1430 3117 Hauptius
1463 3069 1468 3117 Ι
1504 3068 1779 3106 conscriberem
1812 3070 1954 3104 Beatus

187 3131 258 3167 Rh.
290 3133 302 3176 ΙΙ
334 3136 390 3169 34.
418 3132 558 3179 audeo]
586 3133 754 3168 sustineo
782 3133 924 3169 Beatus
949 3134 1020 3169 Rh.
1053 3135 1065 3179 ΙΙ
1097 3137 1154 3168 40.
1183 3132 1275 3176 μηδὲ
1303 3130 1499 3176 Hauptius
1522 3132 1535 3176 ΙΙ
1560 3133 1616 3165 41.
1645 3131 1819 3166 lammam
1845 3140 1954 3174 quam

189 3191 420 3229 Bouchertus
447 3194 628 3230 indicavit
653 3193 796 3239 eaeplevz·
820 3205 865 3230 ex
889 3195 966 3230 cod.
994 3194 1145 3230 Monac.
1174 3194 1224 3238 (p.
1246 3195 1334 3237 120,
1355 3192 1393 3236 3)
1415 3193 1426 3236 ΙΙ
