2245 3495
717 179 781 214 HE
789 181 852 215 ΗΜ
859 179 1033 215 ENEVM
1041 181 1135 215 ATA
1162 180 1503 216 EINSIDLENSIA

237 290 545 342 φριμάττονται
579 290 695 341 αἶγες

237 362 480 413 φριμαγμόε

236 433 386 485 ἔριφος
418 433 580 475 haedus

235 506 285 546 τὸ
318 505 538 558 πρόβατον
572 505 639 546 καὶ
671 506 696 556 ἡ
731 504 793 546 ὄις
827 505 921 545 ouis

198 594 214 618 5
238 579 441 628 βληχᾶται
473 577 497 628 ἡ
532 576 594 618 ὄις
627 575 744 617 belat

235 648 259 689 6
293 648 438 703 ἀμνός,
470 650 519 690 τὸ
553 648 703 700 ἀρνίον
736 663 873 704 agnus

235 720 259 761 6
291 721 461 776 τράγος,
494 720 518 762 6
552 721 728 772 χίμαρος
761 720 918 774 hil-cm,
951 736 1077 775 caper

234 792 258 833 6
291 792 406 844 κριός
439 791 549 833 aries

91 864 258 914 [2091']6
292 864 456 917 ἔλαφος
490 879 641 905 coruus

181 925 213 977 ιο
234 936 257 977 6
291 937 404 978 λε’ων
437 935 504 977 16ο

231 1009 255 1059 ἡ
291 1009 440 1050 λέαινα
472 1008 619 1049 leaena

234 1083 437 1132 βρυχᾶται
471 1080 495 1122 6
529 1083 641 1123 λε’ων

230 1153 254 1203 ἡ
289 1153 498 1204 πάρδαλις
532 1153 688 1207 pardus

231 1225 280 1266 τὸ
314 1227 552 1277 πανθήριον
586 1224 689 1278 lynx

178 1314 210 1339 15
231 1298 392 1349 ἐλέφας
427 1296 600 1351 elephas

230 1369 363 1421 τίγρις
397 1368 524 1425 tigris

231 1440 384 1492 ἄρκτος
418 1456 542 1481 ursus

231 1513 357 1555 λύκος
391 1512 517 1567 lupus

231 1585 413 1637 ὠρύεται
446 1585 470 1626 6
505 1586 631 1627 λύκος
665 1585 804 1626 ululat

177 1676 209 1698 ι»)
231 1658 345 1699 κύων
379 1657 495 1698 canis

231 1730 388 1782 ῥύγχος
422 1729 555 1770 rietus
588 1729 704 1770 oanis

231 1801 381 1844 λάπτει
414 1801 585 1856 proprie
619 1801 735 1842 canis
771 1802 829 1842 ·i·
864 1801 1018 1842 lambit

231 1874 403 1916 ὑλακτεῖ
435 1873 567 1914 latrat

231 1947 403 2000 ςκύλαὲ,
442 1946 664 2001 κυνάριον,
703 1946 927 1988 ςκυλάκιον
967 1946 1092 1987 631361-

289 2017 357 2058 lus

89 2098 211 2152 [20911]
230 2090 364 2142 ὑλακή
397 2089 581 2131 latratus

177 2186 209 2209 26
231 2162 382 2215 νεβρός
414 2161 621 2203 hinnulus

231 2234 433 2286 αἴλουρος
466 2234 582 2288 felis,
615 2234 805 2289 maptola

230 2306 422 2349 ἀςπάλαξ
455 2306 573 2360 talpa

232 2379 400 2430 χελώνη
433 2378 605 2419 testudo

178 2473 212 2498 30
232 2451 375 2502 ἐχῖνος
408 2449 562 2491 ericius

230 2522 356 2574 ἴςτριΞ
391 2520 515 2562 istrix

231 2594 408 2645 ἀλώπηξ
441 2593 593 2648 uulpes

232 2665 402 2716 λαγωός
435 2665 558 2720 lepus

231 2737 354 2789 πίθηξ
388 2736 513 2778 simia

177 2832 212 2857 35
231 2811 340 2861 γαλῆ
375 2808 559 2849 mustela

230 2881 431 2922 ποντικός
465 2896 589 2922 sorex

232 2956 309 3005 μῦς
340 2967 436 2994 mus

350 3122 408 3154 26.
442 3121 570 3164 λεβρος
601 3119 676 3154 eod.
709 3122 722 3165 ΙΙ
753 3123 808 3155 30.
842 3120 990 3156 hericus
1023 3123 1090 3157 cod

1907 184 1992 225 :259

1135 291 1333 344 ἄγροικος
1366 296 1443 344 μῦς

1135 363 1365 416 ἀρουραῖος
1429 367 1506 415 μῦς
1564 364 1685 418 bufo,
1744 379 1867 406 sorex
1925 366 1993 407 sil-

1195 435 1350 477 uestris

1134 508 1289 558 μυοξός
1321 508 1405 563 glis
2014 522 2049 545 40

1135 579 1303 630 μυάγρα
1335 580 1574 635 muscipula

1135 650 1350 705 αἴλουρος,
1384 652 1572 704 αἰλουρίς
1605 656 1720 694 catta

1137 723 1269 774 ςαύρα
1303 722 1461 764 laem-ta

1136 794 1439 846 ἀςκαλαβώτης
1472 796 1613 837 stellio

1136 865 1159 906 6
1195 865 1406 918 βάτραχος
1440 882 1543 908 rana
2015 880 2050 905 45

1136 1022 1281 1050 xxxlx
1309 1011 1405 1062 περὶ
1425 1012 1672 1062 κυνηγεςίας
1693 1012 1743 1053 de
1765 1014 1993 1056 uenatione
2019 1016 2136 1063 [210¹]

1134 1082 1158 1132 ἡ
1205 1082 1447 1137 κυνηγεςία,
1490 1084 1515 1134 ἡ
1563 1087 1688 1138 θήρα,
1733 1086 1758 1137 ἡ
1805 1087 1995 1138 θήρευςις

1193 1155 1260 1195 καὶ
1293 1156 1441 1206 θήρεια
1474 1154 1647 1196 uenatio

1133 1226 1156 1277 ἡ
1192 1228 1397 1278 Θηρευτὴς
1432 1228 1498 1268 καὶ
1526 1227 1722 1285 κυνηγός,
1748 1229 1772 1270 6
1800 1232 1996 1283 Θηρήτωρ

1193 1301 1374 1339 uenator

1133 1371 1157 1422 ἡ
1191 1372 1335 1423 ζιβύνη
1370 1369 1633 1411 uenabulum

1132 1442 1185 1483 τὰ
1236 1442 1400 1497 δίκτυα,
1459 1445 1665 1497 Θήρατρα,
1723 1444 1875 1497 ἄρκυες
1926 1447 1994 1488 καὶ
2015 1462 2050 1487 50

1193 1514 1400 1570 ςτάλικες,
1434 1516 1656 1567 πλέγματα
1695 1506 1995 1571 retia,¹casses

1132 1587 1155 1636 ἡ
1189 1587 1406 1641 ποδάγρα,
1438 1588 1462 1639 ἡ
1497 1588 1735 1643 ἁρπεδόνη,
1769 1589 1793 1631 6
1828 1590 1995 1644 βρόχος,

1191 1660 1215 1709 ἡ
1262 1660 1377 1711 πάγη
1425 1661 1490 1701 καὶ
1536 1661 1662 1711 παγίς
1704 1676 1893 1716 compes,
1939 1662 1994 1702 la—

1192 1745 1339 1786 queus,
1372 1731 1521 1785 pedica

1133 1804 1181 1844 τὸ
1215 1802 1381 1854 ὄρυγμα
1413 1804 1529 1845 fossa

1132 1876 1180 1916 τὸ
1214 1874 1414 1917 ἀκόντιον
1448 1875 1646 1930 iaculum,
1679 1877 1941 1919 uenabulum

1131 1948 1155 1998 ἡ
1193 1948 1308 2000 βολίς
1341 1948 1554 2003 spiculum

1131 2020 1181 2061 τὸ
1214 2020 1341 2062 τόξον
1375 2035 1497 2061 amus

1132 2092 1181 2133 τὸ
1217 2094 1341 2145 βέλος
1374 2092 1534 2147 sagitta

1132 2248 1192 2278 XL
1227 2237 1323 2288 περὶ
1356 2236 1551 2288 ἑρπετῶν
1584 2237 1652 2278 καὶ
1680 2238 1908 2289 ςκωλήκων
1942 2237 1991 2278 de

1192 2308 1464 2364 serpenffibus
1498 2311 1540 2349 et
1574 2308 1794 2350 uermibus

1132 2382 1315 2433 ἑρπετόν
1349 2396 1524 2436 Serpens

1131 2454 1156 2495 6
1189 2454 1289 2506 ὄφις
1322 2454 1498 2495 coluber
2009 2463 2136 2509 [210¹1]

1131 2526 1299 2578 λεβηρίς
1333 2525 1519 2581 spolium
2012 2550 2046 2573 (30

1131 2596 1155 2638 6
1191 2598 1422 2649 βαςιλίςκος
1456 2596 1643 2652 regulus,
1678 2597 1902 2639 basiliseus

1131 2669 1155 2710 6
1188 2669 1358 2720 δράκων
1392 2668 1517 2709 draeo

1130 2741 1154 2792 ἡ
1189 2741 1334 2792 ἐχίδνη
1368 2740 1516 2795 uipera

1131 2813 1264 2867 λεπίς,
1297 2813 1424 2865 φολίς
1458 2827 1648 2871 εαυιιιῑιῑιἸ

1131 2884 1155 2925 6
1188 2884 1389 2936 κεράςτης
1421 2887 1601 2925 cornuta
2011 2909 2045 2934 05,

1131 2956 1155 2997 6
1189 2955 1310 2997 ἀςπίς
1342 2955 1457 3010 aspis

1134 3124 1144 3167 ΙΙ
1177 3125 1233 3157 31.
1260 3121 1305 3165 ef.
1336 3132 1374 3166 p.
1402 3124 1494 3165 189,
1521 3123 1568 3157 39
1599 3122 1611 3166 ΙΙ
1642 3125 1697 3158 40,
1727 3124 1874 3166 μυοξιος
1906 3121 1989 3156 cilis

231 3179 306 3215 cod.
327 3177 414 3224 1148.
443 3183 604 3225 θηρευης
629 3180 704 3215 eod.
725 3181 737 3226 ΙΙ
758 3185 813 3215 51.
842 3181 1030 3226 ἁρπεδονα
1057 3183 1131 3217 cod.
1153 3182 1164 3227 ΙΙ

1634 3240 1703 3277 17*
