2194 3475
127 1086 159 1109 10

127 1447 159 1471 15

132 1809 165 1833 20

134 2241 168 2266 25

175 169 263 210 212
291 166 294 167 ⁷
676 163 1095 200 HERMENEVMATA
1122 141 1442 198 MONACENSIA

177 282 385 335 synetaxo
419 276 684 320 constituisti
1082 272 1397 314 taasfalismata
1430 270 1718 312 instrumenta
1966 295 2000 319 30

177 352 493 407 peripuanoran
527 350 638 391 circa
671 363 798 402 quam
831 347 983 387 horam
1080 343 1296 400 pai-ingila
1330 342 1581 384 denuntiaui

180 423 412 479 enpiotopo
448 422 578 477 inquo
612 421 706 461 locs)
1082 415 1423 472 paringilasauto
1457 414 1721 456 denuntiasti
1755 414 1819 456 illi

179 496 374 538 stonforo
408 486 548 535 infero
1083 487 1464 543 etmartyropoises
1497 490 1682 530 testatus
1716 503 1760 528 es

180 568 377 610 endictoa
411 565 623 621 inportico
1082 559 1489 615 etmartyropyissas
1522 562 1707 601 testatus
1740 574 1835 601 sum

179 639 373 697 engystis
405 642 521 680 stoas
555 637 674 679 iuxta
706 639 826 677 tuam
1083 632 1289 687 etymosis
1321 635 1496 687 paratus
1530 635 1621 674 esto
1968 656 2002 681 35

179 712 344 754 tisnicis
378 710 604 752 uictoriam
1084 704 1316 746 etimosimi
1350 707 1526 760 paratus
1563 720 1658 745 sum

179 782 483 840 metoligoneci
530 782 727 823 erchome
767 778 1043 835 postmodum
1082 777 1372 819 ceoantidicos
1405 780 1447 817 et
1480 776 1752 818 aduersarius

240 871 336 898 cum
370 855 429 896 ibi
464 853 591 895 uenio
1083 849 1354 892 entichinteli
1388 849 1664 904 interpellare

179 926 610 983 allaparacoloenmni
659 925 775 967 echis
821 924 895 966 sed
936 939 1043 979 rogo
1084 923 1275 978 siopison
1308 924 1400 963 tace

240 1001 283 1041 in
317 1002 460 1041 mente
493 1000 653 1041 habeas
1084 995 1205 1051 siopo
1240 997 1360 1035 taceo
1968 1016 2003 1042 40

180 1072 478 1114 amerimnosis
511 1087 685 1113 securus
719 1073 810 1112 esto
1084 1067 1409 1123 sioponeschete
1444 1066 1665 1108 silentium
1698 1067 1829 1108 habet

182 1144 407 1186 emimelisi
441 1144 546 1185 mihi
580 1143 769 1198 pertinet
1085 1155 1314 1195 acysmnen
1347 1139 1570 1180 audiamus

182 1216 467 1274 agomenimis
501 1231 648 1257 eamus
681 1230 760 1256 nos
1085 1212 1344 1268 tinapofasin
1381 1211 1641 1253 sententiam

181 1288 560 1345 prostontrapeziti
595 1287 647 1328 ad
677 1303 779 1329 num
814 1287 1045 1329 mularium
1086 1287 1224 1328 icusas
1257 1284 1414 1326 audisti

181 1363 381 1404 lauomen
413 1363 596 1416 parautu
630 1360 887 1415 accipiamus
915 1360 968 1400 ab
996 1374 1045 1400 eo
1086 1358 1411 1401 otienicisamen
1445 1357 1545 1412 quia
1578 1356 1770 1398 uicemus
1970 1378 2006 1404 45

183 1434 486 1476 denarieeaton
519 1432 717 1474 denarios
753 1435 926 1473 centum
1086 1431 1181 1488 gaie.
1220 1430 1340 1485 kyrie
1373 1429 1469 1485 gaie
1504 1428 1674 1470 domine

183 1507 338 1548 domen
371 1505 567 1561 diealogs)
602 1505 750 1545 demus
784 1504 998 1545 causidico
1086 1501 1459 1558 tiepitassis.quid
1492 1501 1713 1556 imperasti

184 1578 407 1619 dimit-icon
439 1577 670 1618 honorario
1088 1574 1303 1617 mitiechis
1336 1573 1546 1629 numquid
1578 1573 1712 1614 habes

183 1649 289 1691 cetis
323 1649 549 1705 synigogis
583 1652 625 1690 et
658 1649 880 1690 aduocatis
1088 1647 1298 1689 chrimata
1330 1645 1512 1701 pecunia

184 1725 277 1763 ceto
311 1722 481 1763 nomn-0
517 1725 558 1763 et
590 1722 697 1763 iuris
729 1721 881 1776 peritis
1089 1721 1322 1761 eucerunta
1355 1733 1491 1759 uacua
1974 1738 2009 1763 50

186 1794 547 1849 inaspudeoteron
582 1797 623 1835 et
658 1793 921 1835 incessanter
1090 1789 1404 1838 ticlnianechis
1430 1790 1532 1845 quid
1566 1806 1673 1845 opus
1707 1791 1840 1832 habes

186 1866 539 1908 ecdicisisinimas
573 1866 804 1907 defendant
838 1881 916 1907 nos
1092 1862 1450 1905 danisastheichis
1483 1862 1671 1904 mutuari
1705 1863 1741 1904 si
1773 1863 1908 1905 habes

189 1942 287 1980 utos
320 1938 432 1980 estin
466 1938 545 1979 iste
580 1940 645 1979 est
1092 1935 1263 1977 chrison
1298 1935 1357 1976 mi
1390 1935 1614 1976 commoda
1647 1935 1753 1976 mihi

186 2011 388 2065 labepara
436 2013 542 2064 yton
583 2025 725 2052 cerma
763 2010 906 2065 accipe
946 2010 1052 2051 abeo
1092 2007 1389 2064 pentedinaria
1422 2007 1611 2062 quinque
1644 2007 1877 2049 xestereias

247 2098 446 2124 nummos
1097 2079 1402 2121 comieschicos
1435 2079 1514 2121 etsi
1547 2095 1634 2120 non
1667 2079 1915 2121 habuissem
1977 2099 2011 2124 55

191 2154 399 2196 ceaeoluti
434 2157 477 2195 et
511 2169 687 2209 sequere
1099 2151 1380 2207 othendipoto
1414 2151 1709 2206 undecumque

203 2229 626 2282 catosynetaxometa
637 2226 747 2268 sicut
758 2226 1062 2269 constituimus
1101 2224 1405 2280 exeplissomin
1438 2223 1718 2279 explicassem

192 2299 508 2357 parestingaios
542 2299 584 2340 id
618 2301 682 2341 est
715 2299 840 2355 gaius
1101 2296 1406 2339 enchirontelis
1438 2296 1597 2352 pignus
1630 2296 1696 2338 uis

193 2372 649 2428 syncalesomenauton
662 2386 947 2413 conuocemus
960 2386 1057 2413 eum
1096 2370 1320 2426 migenuto
1354 2368 1468 2410 absit

195 2444 297 2486 istin
331 2443 531 2499 synbolin
564 2443 839 2485 inconsilium
1096 2442 1245 2484 uchria
1276 2442 1412 2483 necho
1447 2443 1623 2496 eetoyca
1654 2457 1741 2483 non
1774 2442 1898 2497 pyiso
1981 2460 2016 2486 60

196 2516 596 2558 entadeerchometa
628 2515 699 2557 1116
731 2516 943 2558 habemus
1097 2513 1397 2571 chirografisin
1430 2529 1500 2555 mo
1534 2529 1636 2556 caue
1672 2513 1803 2555 michi

316 2697 347 2729 5.
389 2694 427 2727 111
464 2694 612 2739 porticu
652 2708 675 2729 a
706 2697 718 2739 Η
751 2699 784 2729 9.
825 2693 1131 2739 allaparaeoloen
1164 2692 1321 2728 miechis
1353 2705 1375 2727 a
1401 2693 1412 2737 ΙΙ
1442 2696 1494 2727 13.
1533 2691 1875 2727 adnummularium
1901 2704 1925 2727 a
1949 2692 1961 2737 ΙΙ

200 2760 252 2790 14.
280 2756 415 2800 paratu
442 2767 463 2789 a
489 2756 500 2800 11
531 2759 585 2790 18.
613 2754 946 2799 cethissymogoris
973 2767 996 2789 (ι
1016 2755 1027 2798 ΙΙ
1050 2758 1104 2789 19.
1132 2752 1412 2789 Gethonomicos
1439 2765 1462 2787 α
1482 2754 1492 2798 ΙΙ
1512 2756 1569 2788 20.
1601 2753 1639 2788 et
1664 2752 1879 2787 ineesanter
1904 2764 1929 2787 α
1947 2751 1959 2799 Η

198 2820 254 2849 21.
288 2814 621 2858 ecdyeisysinimas
648 2827 672 2849 (ι
703 2816 714 2859 ΙΙ
746 2818 801 2849 22.
837 2813 962 2848 esthin
988 2827 1012 2848 (ι
1043 2816 1053 2858 [Ι
1086 2817 1141 2848 23.
1178 2813 1454 2858 labeparayton
1491 2823 1616 2847 cenna
1641 2812 1963 2857 interpretamento

198 2876 327 2910 omisso
354 2876 484 2919 (11124.
511 2879 544 2909 et
571 2875 697 2909 lemma,
724 2879 756 2909 et
785 2875 1145 2919 inferlm-etamentem
1170 2885 1236 2908 om.
1264 2875 1394 2917 (11125.
1423 2873 1798 2917 catosyneta-xometa
1823 2883 1891 2907 om.
1919 2884 1963 2915 a:

198 2934 245 2977 cf.
271 2936 321 2969 24
348 2938 380 2969 et
404 2936 453 2968 23
481 2935 491 2978 ΙΙ
522 2937 576 2969 28.
604 2933 910 2978 istimsymbolim
937 2927 1000 2978 ccl}
1029 2938 1085 2968 29.
1113 2933 1279 2968 enthade
1305 2946 1329 2968 (ι
1353 2935 1365 2978 Η
1392 2936 1447 2967 35.
1476 2931 1670 2967 ethimosis
1697 2932 1826 2976 (11136,
1854 2930 1959 2975 ethy—

200 2992 349 3029 mosimi
376 3006 399 3028 a
436 2995 447 3038 Η
485 2998 541 3028 38.
569 2993 833 3029 enthiehinteli
859 3006 883 3029 (ι
914 2994 925 3038 ΙΙ
957 2998 1012 3029 45.
1041 2992 1200 3027 uicimus
1227 3006 1250 3028 a
1282 2995 1293 3038 ΙΙ
1325 2997 1381 3028 46.
1409 2991 1495 3038 gaie
1522 2991 1622 3037 cyrie
1649 3004 1673 3028 a
1700 2993 1712 3036 ss
1741 2995 1798 3027 48.
1825 2990 1961 3035 mythi-

204 3053 305 3089 echis
339 3066 362 3089 α
398 3054 410 3097 ΙΙ
447 3057 506 3087 49.
540 3052 751 3089 chrimatha
783 3066 807 3089 α
843 3056 854 3099 ΙΙ
893 3058 948 3088 52.
984 3052 1274 3087 danisasteichis
1306 3064 1349 3088 ex
1383 3051 1639 3088 daesastechis
1670 3063 1696 3086 n
1728 3055 1761 3087 et
1792 3050 1805 3085 i
1831 3051 1963 3086 litteris

203 3125 319 3158 supra
356 3113 503 3158 scriptis
540 3124 631 3149 corr.
673 3126 696 3148 α
733 3115 744 3158 ΙΙ
783 3117 839 3149 60.
879 3112 1026 3149 cetoica
1064 3124 1108 3149 ex
1139 3112 1284 3147 ceotica
1314 3124 1405 3148 corr.
1433 3124 1456 3147 α
1493 3114 1504 3158 ΙΙ
1543 3116 1597 3149 61.
1631 3109 1877 3157 cyrografisin
1903 3122 1927 3145 a
1956 3110 1958 3157 ξ

204 3171 297 3206 mihi
323 3185 345 3207 (ι
366 3174 377 3218 ΙΙ
