2271 3505
236 620 252 635 d

220 1118 253 1142 10

222 1622 256 1647 15

226 2200 259 2224 20

228 2631 261 2657 25

273 193 360 236 602
454 190 875 227 HERMENEVMATA
902 187 1090 224 CODICIS
1119 186 1350 223 VATICANI
1375 185 1594 222 REGINAE
1623 185 1916 221 CHRISTINAE
1946 189 2037 221 1260

272 303 494 346 interocile
528 302 646 346 ernia
1512 296 1590 338 DE
1612 319 1621 328 ·
1641 295 1675 337 L
1698 319 1705 326 ·

272 376 407 418 ieffiffiS
438 375 572 417 febris
593 399 599 406 ·
622 371 868 416 omiomeris
1174 381 1399 438 litargicus
1427 380 1642 436 depressio
1670 379 1809 422 somni
1830 381 1873 421 et
1892 378 2039 436 grauis

272 448 393 490 itrias
427 447 664 490 corniculas
697 444 769 486 uel
800 444 886 486 tela
913 443 959 485 in
985 445 1135 485 uentre
1236 453 1399 495 obliuio
1434 468 1531 495 eum
1562 453 1682 494 febre
1715 452 1955 508 periculosa

272 520 511 576 ipnoticum
537 518 609 574 qui
641 532 730 559 non
762 516 981 558 dormiunt
1174 527 1436 583 longaonem
1468 525 1685 567 ssenjsmon

237 611 249 625 r
272 591 540 648 impiomatia
573 589 816 632 uulneratio
850 591 1071 644 apostema
1173 599 1334 656 lig-mus
1368 598 1585 654 Singustus

272 664 463 721 ipiclosis
496 678 581 705 uua
1173 671 1271 713 laxa
1304 671 1365 712 -i-
1398 670 1510 712 uitta

272 737 493 779 idrofabus
533 734 649 777 canis
687 734 825 790 rapidi
866 748 1034 775 morsus
1067 733 1137 774 uel
1174 743 1373 786 hemel-ja
1404 758 1482 799 per
1509 758 1638 798 quam
1664 742 1892 784 humectus
1918 741 2040 784 cibus

332 809 513 850 aliarum
545 808 735 849 ferarum
1236 819 1279 857 et
1312 815 1554 872 indigestus
1587 814 1817 869 exponitur

273 881 460 923 infraxin
491 878 701 936 filaiOUSI)
1176 889 1371 944 leprosus
1408 888 1565 929 humor
1602 886 1934 928 fecundissimus
1967 886 2041 942 qui

273 953 498 996 incatisma
563 952 858 1008 suffumigatio
921 951 1137 994 inferioris
1236 960 1422 1002 uertitur
1447 960 1493 1001 in
1520 974 1747 1015 squamosa
1767 959 1910 1000 ulcera
1931 958 2042 1000 circa

333 1023 607 1082 mulierum‘2)
639 1024 775 1080 partis
1236 1032 1391 1074 faciem
1443 1035 1485 1074 et
1544 1046 1669 1074 omne
1727 1046 1881 1087 corpus
1933 1030 2041 1072 obti-

273 1099 389 1141 iecur
421 1113 522 1153 epar
553 1097 712 1154 figidus
1235 1120 1342 1147 nens

274 1171 482 1213 isiofabus
515 1185 625 1225 aqua
657 1172 797 1212 metus
831 1185 912 1225 que
947 1185 998 1211 ex
1028 1169 1138 1211 aeris
1176 1176 1424 1233 ljpjdasmjn
1457 1191 1686 1232 squamosa

334 1258 484 1299 SPUH]a
530 1243 691 1284 ill'ssssss'a
729 1242 799 1284 uel
838 1242 882 1283 in
925 1257 1034 1297 aqua
1074 1245 1138 1284 GS'G
1176 1249 1457 1305 lixoperitum
1488 1273 1496 1281 ·
1527 1248 1777 1304 epitomatia
1819 1248 2042 1304 refrigera-

334 1314 528 1370 proiecta
1236 1322 1399 1364 torium

275 1386 477 1444 idgundis
509 1387 653 1429 nescia
1175 1393 1388 1436 lauiancia
1409 1418 1416 1425 ·
1439 1396 1505 1435 ter
1537 1393 1706 1449 rogiata

275 1460 449 1501 ihantus
482 1460 595 1501 mala
627 1459 835 1501 habitudo
870 1459 914 1500 in
946 1459 1053 1501 facie
1176 1466 1400 1522 ljptusmia
1432 1465 1642 1508 lassitudo

275 1531 408 1573 idima
439 1532 605 1574 inflatio
639 1532 793 1573 inf-acie
827 1546 987 1586 aquosa
1177 1539 1393 1580 lunaticus
1426 1537 1700 1580 demoniacus

275 1603 375 1646 ilius
426 1607 570 1646 tumor
614 1604 684 1645 uel
729 1603 966 1658 implicatio
1012 1602 1139 1644 senti-
1176 1611 1329 1653 homas
1361 1625 1509 1652 gemas

335 1691 488 1718 narum
1177 1683 1369 1725 linuntas
1402 1682 1677 1724 cauculorum
1710 1696 1837 1723 causa

276 1749 430 1791 idrolio
464 1764 573 1804 aqua
606 1764 703 1790 cum
735 1748 829 1790 oleo
1178 1756 1363 1812 figorem
1396 1755 1581 1797 calorem

276 1821 443 1863 itrocile
470 1821 594 1877 piger
620 1821 776 1862 humor
803 1820 991 1862 colectus
1012 1819 1141 1862 inter—
1179 1828 1292 1870 lucio
1326 1827 1450 1869 urina

336 1893 527 1935 tunicam
558 1893 736 1935 testium
1179 1900 1331 1943 lolium
1364 1899 1525 1942 zizania

276 1966 473 2022 ingolum
506 1965 760 2007 umbilissssm
1179 1973 1305 2030 lipari
1339 1973 1511 2014 alumen
1542 1971 1733 2026 liquidus

276 2038 554 2094 impetigines
616 2037 805 2079 derbitas
863 2037 932 2078 uel
991 2051 1141 2079 eorum
1178 2045 1444 2101 ljpjdjgssalsso
1477 2044 1702 2086 fimassuras
1735 2043 1785 2084 (13
1819 2057 1948 2098 copro

338 2110 459 2151 simii
1179 2118 1309 2159 larice
1342 2116 1555 2159 medicaffi

279 2182 537 2238 inplastrum
569 2181 871 2223 fascimentum
1180 2190 1372 2245 liposjffio
1407 2189 1468 2230 .i.

279 2253 465 2296 idrolion
503 2253 653 2295 uinum
691 2269 789 2295 cum
827 2253 921 2295 oleo
955 2253 1141 2295 mixtum
1179 2261 1397 2318 langugffia

279 2326 549 2381 ipocondrias
582 2326 669 2368 tela
701 2326 745 2367 in
778 2328 928 2367 uentre
956 2325 1027 2367 uel
1053 2340 1141 2367 cor-
1179 2333 1368 2390 liquabjs
1403 2333 1564 2375 eolabjs

338 2398 482 2440 nicula
1520 2404 1524 2408 ’

280 2470 500 2512 inbrocem
533 2470 718 2512 calidum
751 2485 848 2512 cum
879 2469 1041 2527 pingue
1511 2453 1590 2495 DE
1613 2476 1621 2485 ‘
1643 2452 1688 2494 M
1710 2476 1716 2483 ‘

281 2542 482 2584 inomelle
515 2542 665 2584 uinum
698 2557 795 2584 cum
827 2542 953 2584 melle
1182 2538 1401 2581 maniacus
1434 2538 1545 2579 idest
1577 2536 1841 2579 minominus
1870 2535 1929 2578 -i.
1956 2550 2044 2577 mu-

281 2614 503 2656 idromelle
536 2629 645 2669 aqua
677 2630 774 2656 cum
807 2614 932 2656 melle
1154 2607 1166 2619 ‘
1242 2611 1350 2653 tatio
1383 2610 1541 2652 mentis

282 2685 398 2727 iricis
431 2700 557 2740 carpo
580 2709 587 2718 ·
608 2686 729 2727 radix
760 2686 978 2728 tamaricis
1182 2698 1418 2726 marasmos
1440 2707 1446 2713 -
1468 2682 1742 2723 nelatrofium

405 2817 438 2860 1)
466 2815 585 2851 laicus
615 2817 654 2851 in
678 2828 751 2851 ms.
779 2829 822 2851 m.
851 2822 870 2851 1
894 2818 961 2861 112>
988 2828 1011 2850 u
1034 2821 1118 2861 post
1144 2827 1181 2848 m
1203 2825 1274 2860 pro
1301 2825 1324 2848 a
1347 2825 1427 2858 sup.
1455 2824 1522 2848 scr.
1550 2824 1594 2846 m.
1622 2815 1641 2846 1
1663 2812 1674 2855 ΙΙ

405 2939 436 2970 4.
464 2934 693 2979 impnoticus
720 2948 743 2970 α
770 2938 781 2981 Η
808 2939 839 2970 5.
868 2918 1114 2980 apostome'a
1133 2937 1144 2980 ΙΙ
1165 2940 1195 2970 6.
1224 2934 1313 2969 uaia
1338 2946 1362 2969 a
1381 2936 1393 2977 ΙΙ
1415 2937 1469 2967 15.
1496 2930 1763 2966 intestinarum
1789 2943 1813 2966 a
1831 2931 1843 2976 ΙΙ
1866 2932 1919 2964 18.
1946 2927 2047 2963 iuui-

284 2995 362 3029 lum
389 3007 413 3030 a
432 2996 443 3039 ΙΙ
468 2999 520 3030 19.
549 3005 676 3029 earum
704 2994 844 3029 similia
864 3008 887 3030 α
906 2997 917 3041 ll
938 3000 993 3030 23.
1020 2994 1252 3040 pinguedine
1273 3006 1297 3028 α
1315 2995 1328 3038 ss
1347 2996 1404 3028 25.
1431 2996 1604 3027 secuntur
1628 2991 1671 3025 in
1696 3002 1720 3025 a
1745 2991 1886 3036 aliquot
1907 2990 2046 3036 ylossae

285 3056 381 3090 velut
406 3056 510 3090 haec:
545 3053 737 3099 impedigo
764 3054 788 3090 i.
823 3054 923 3090 sicca
950 3055 1096 3090 scabies
1122 3053 1287 3090 rotunda
1312 3055 1351 3088 et
1377 3062 1512 3097 aspera
1538 3050 1678 3085 dicitur
1703 3049 1819 3094 uulgo
1847 3059 2009 3083 sai-mam
2033 3048 2046 3094 Η

288 3143 343 3173 43.
382 3138 571 3183 liquidum
603 3151 627 3173 a
663 3139 675 3182 ΙΙ
714 3143 768 3173 44.
803 3137 1067 3182 liquidiscaloo
1098 3138 1124 3174 i.
1156 3138 1354 3172 limaturas
1388 3123 1551 3180 deoiibro
1583 3147 1607 3169 a
1645 3136 1655 3180 ΙΙ
1693 3137 1750 3169 45.
1787 3132 1958 3167 dicamen
1986 3144 2010 3166 a
2033 3131 2045 3178 Η

289 3203 345 3233 46.
374 3202 430 3233 47.
459 3198 482 3233 1.
511 3198 674 3243 angusta
700 3210 722 3232 a
742 3200 752 3242 {j
772 3201 830 3232 48.
856 3202 1028 3234 secuntur
1053 3199 1094 3233 iu
1119 3210 1143 3234 a
1168 3198 1308 3243 aliquot
1332 3198 1469 3243 ylossae
1489 3197 1500 3241 ΙΙ
1846 3198 1850 3202 “

2059 692 2093 717 30

2064 1411 2098 1439 35

2063 1774 2099 1799 40

2064 2133 2099 2159 45

2065 2698 2099 2723 50
