2164 3470
187 193 270 228 VIII
922 188 1192 224 PRAEFATIO

187 302 308 344 Folia
344 302 488 344 insunt
520 301 841 342 membranacea
874 301 930 340 42
963 298 1040 354 (22
1063 308 1116 340 ><
1139 294 1326 351 266111.);
1359 310 1540 351 quorum
1577 293 1620 350 1)
1653 295 1835 337 3ῗψ39ιι
1869 309 1932 336 06-

188 376 316 428 cupat
346 371 837 425 Pseudodositheus3
877 367 924 425 2)
957 369 1170 411 39¹¹—421
1201 367 1438 409 antidota
1470 369 1519 408 et
1550 367 1808 408 tractatus
1839 380 1934 407 me-

129 472 132 474 .
189 444 456 498 (licinales3
501 442 548 499 3)
579 444 658 485 40¹¹
697 441 825 482 etiam
865 453 1069 481 carmen
1106 441 1380 480 nautarum
1412 437 1483 495 (cf.
1518 436 1683 479 ‘Neues
1715 435 1876 478 Archiv
1905 436 1934 478 f.

189 516 260 557 alt.
301 515 503 557 deutsche
543 512 814 556 Geschichte'
847 511 909 552 VI
939 511 1040 565 190,
1071 509 1153 552 XV
1180 511 1267 553 514
1299 508 1431 566 adn),
1474 507 1523 566 4)
1555 510 1611 551 42
1644 510 1852 550 tractatus
1885 507 1935 549 de

189 587 386 642 avibus,
432 585 633 638 bestiis,
677 581 1056 638 promunturiis
1100 596 1151 623 ex
1183 580 1375 623 Isidori
1410 580 1533 622 libris
1578 579 1778 635 excerpti.
1843 577 1934 620 Sin-

190 658 315 714 gulae
347 656 528 712 paginae
562 654 758 696 bifariam
791 656 891 695 sunt
925 652 1101 694 divisae:
1146 652 1190 694 in
1224 652 1420 694 sinistrae
1453 652 1674 694 columnae
1706 650 1936 706 bipartitae

190 732 309 784 parte
355 727 529 769 sinistra
572 726 774 768 lemmata
812 739 965 781 graeca
1004 726 1104 765 sunt
1142 722 1438 766 uncialibus
1476 723 1635 765 litteris
1674 722 1850 777 scripta,
1893 721 1939 763 in

191 800 339 841 dextra
371 798 753 853 interpretamenta
784 796 919 837 latina
950 794 1258 837 minusculis
1290 794 1448 837 litteris
1480 794 1654 850 scripta:
1686 808 1764 835 nec
1797 792 1939 834 differt

192 871 364 912 dextrae
397 869 619 911 columnae
651 867 880 923 bipertitae
912 866 1034 908 ratio.
1087 865 1241 909 Omnia
1273 865 1399 907 unius
1429 868 1529 908 sunt
1554 880 1717 920 manus,
1750 864 1939 906 eiusdem

192 942 257 984 cui
306 941 436 983 etiam
481 939 779 981 adnotationes
818 938 1024 994 quaedam
1065 937 1291 992 debentur,
1336 937 1454 979 velut
1492 928 1531 979 H
1569 936 1628 994 (h.
1669 952 1702 978 e.
1739 936 1939 990 Bazaira,-

192 1014 243 1055 cf.
276 1029 315 1068 p.
352 1013 425 1066 13,
452 1013 525 1066 51,
561 1012 633 1066 18,
665 1012 739 1065 56,
771 1009 913 1065 alibi),
945 1008 1248 1065 inscriptiones
1281 1008 1566 1064 capitulorum
1597 1008 1643 1050 in
1674 1006 1942 1064 marginibus

193 1085 371 1126 iteratae
404 1082 475 1140 (cf.
509 1099 547 1138 p.
584 1084 655 1136 11,
683 1082 757 1137 28,
793 1083 864 1136 13,
891 1083 966 1136 30,
1005 1078 1147 1137 alibi),
1191 1079 1481 1121 additamenta
1524 1079 1826 1136 glossematica
1869 1077 1941 1120 ali-

194 1158 310 1211 quot,
343 1169 450 1209 quae
484 1154 536 1195 ab
570 1153 802 1208 archetypo
835 1152 993 1194 afuisse
1026 1155 1266 1194 ceterorum
1293 1150 1504 1193 librorum
1531 1151 1747 1193 dissensus
1773 1150 1942 1192 demon-

195 1230 303 1270 strat
336 1226 406 1283 (cf.
433 1241 471 1280 p.
502 1226 568 1279 12,
595 1225 669 1280 50,
701 1225 775 1279 51,
810 1226 877 1279 14,
903 1226 977 1279 413
1009 1225 1085 1279 42,
1118 1225 1186 1279 21,
1215 1221 1302 1279 14),
1333 1222 1500 1265 1111111611
1526 1214 1708 1277 denique
1733 1221 1944 1264 librorum

195 1298 524 1340 Homericorum
556 1295 600 1338 in
633 1295 734 1337 belli
767 1295 940 1337 Troiani
975 1295 1164 1350 epitoma
1189 1293 1247 1351 (p.
1276 1295 1332 1336 60
1352 1291 1475 1350 sqq.)
1523 1292 1712 1335 Paucula
1736 1292 1944 1349 quaedam

196 1368 380 1413 correxit
423 1382 597 1410 manus
634 1382 812 1410 recens
851 1366 1009 1409 saeculi
1042 1365 1146 1408 XVI
1184 1365 1252 1407 vel
1283 1365 1427 1421 XVII,
1471 1365 1652 1407 fortasse
1693 1361 1943 1406 Salmasii.

196 1441 439 1483 Librarium
489 1454 541 1481 ex
582 1438 811 1481 Germania
861 1438 1090 1481 oriundum
1139 1437 1271 1479 fuisse
1316 1437 1484 1494 glossae
1528 1435 1796 1493 germanicae
1839 1449 1946 1490 quas

199 1512 353 1554 adiecit
385 1510 542 1553 indicio
576 1513 676 1552 sunt
708 1509 779 1567 (cf.
813 1509 997 1565 exempli
1031 1523 1157 1550 causa
1188 1524 1227 1563 p.
1254 1509 1330 1563 20,
1357 1508 1443 1563 37).
1505 1506 1805 1563 Transcriptus
1835 1505 1946 1548 liber

198 1584 366 1626 videtur
410 1598 460 1624 ex
506 1581 667 1636 codice,
713 1582 833 1624 cuius
877 1581 1072 1638 singulae
1117 1579 1299 1636 paginae
1344 1579 1704 1622 undevicenorum
1745 1591 1947 1620 versuum

199 1656 387 1709 fuerunt,
419 1668 518 1695 nam
551 1667 657 1708 quae
688 1656 752 1695 est
778 1653 822 1694 in
848 1653 952 1695 folio
981 1654 1053 1695 24Γ
1078 1651 1231 1693 lacuna
1257 1652 1373 1694 2-3
1399 1665 1601 1693 versuum
1627 1649 1685 1707 (p.
1705 1650 1776 1704 43,
1798 1649 1853 1691 10
1867 1645 1948 1704 sq.)

200 1727 238 1768 ei
277 1725 429 1768 similis
466 1724 696 1781 respondet
730 1724 882 1767 lacuna
916 1726 1015 1779 post
1050 1724 1103 1765 16
1136 1736 1284 1764 versus
1315 1721 1457 1764 hians:
1496 1736 1603 1777 quae
1635 1721 1811 1763 lacunae
1843 1719 1948 1775 quin

201 1798 349 1840 eodem
394 1797 564 1839 chartae
607 1796 751 1838 nescio
797 1810 880 1851 quo
927 1794 1184 1836 detrimento
1225 1795 1351 1835 natae
1391 1793 1478 1835 sint
1515 1792 1622 1834 mihi
1665 1791 1733 1833 vix
1771 1791 1949 1833 dubium

200 1869 379 1911 videtur.
412 1894 459 1898 —
488 1868 558 1910 Ad
589 1868 818 1921 Isaacum
851 1867 1091 1909 Vossium
1123 1865 1241 1907 venit
1273 1864 1406 1907 codex
1439 1879 1490 1906 ex
1522 1863 1785 1906 bibliotheca
1814 1861 1949 1905 Chri-

202 1940 359 1983 stiani
397 1939 628 1995 Rumpfii
672 1939 873 1994 medici,
918 1939 1030 1980 sicut
1073 1937 1117 1979 in
1160 1936 1300 1992 primo
1344 1936 1449 1979 folio
1488 1936 1695 1991 scriptum
1733 1938 1809 1977 est.
1870 1934 1949 1976 Vsi

203 2014 303 2053 sunt
343 2025 391 2052 eo
427 2009 724 2065 Salmasius,
763 2010 835 2065 qui
874 2009 974 2051 libri
1014 2009 1064 2050 de
1103 2008 1229 2050 modo
1268 2022 1495 2050 usurarum
1526 2023 1566 2062 p.
1600 2007 1683 2048 877
1719 2005 1780 2048 ed.
1813 2005 1949 2062 Lugd.

205 2082 351 2124 Batav.
379 2096 412 2123 a.
443 2081 554 2123 1679
589 2081 670 2122 hoc
697 2081 853 2123 diserte
880 2081 1116 2135 confirmat,
1147 2077 1525 2121 Valckenarius
1551 2077 1669 2119 Misc.
1698 2076 1861 2118 observ.
1887 2076 1950 2118 IX

204 2169 242 2208 p.
275 2154 361 2195 413
382 2167 453 2207 sq,
486 2150 524 2192 X
556 2167 595 2206 p.
632 2153 713 2194 108
737 2167 843 2207 sqq,
877 2151 1128 2194 Oehlerus
1165 2150 1273 2192 Mus.
1306 2149 1442 2192 Rhen.
1472 2150 1524 2191 17
1560 2151 1613 2203 (a.
1644 2148 1776 2203 1862)
1808 2163 1848 2203 p.
1882 2148 1951 2202 55,

204 2223 406 2265 Keilius
443 2222 628 2264 Gramm.
661 2221 733 2264 lat.
766 2222 850 2264 VII
884 2239 922 2278 p.
957 2223 1039 2264 371
1064 2236 1143 2276 sq.,
1188 2220 1279 2275 alii,
1323 2219 1374 2262 de
1419 2219 1575 2275 quibus
1618 2218 1730 2260 infra
1775 2218 1950 2260 dicetur.

206 2293 346 2335 Huius
391 2292 524 2349 igitur
567 2292 667 2333 libri
708 2293 870 2348 egregii
912 2295 1079 2348 partem
1116 2291 1530 2334 Krumbacherus
1568 2304 1665 2332 cum
1704 2289 1950 2346 apographo

207 2379 283 2407 suo
317 2362 473 2405 codicis
499 2361 789 2419 Sangallensis
821 2363 1078 2418 contulerat3
1110 2362 1280 2419 integra
1307 2363 1657 2405 hermeneumata
1681 2358 1952 2415 transcripsit

207 2434 646 2489 Gundermannus,
680 2434 799 2477 cuius
832 2434 1110 2491 apographon
1137 2434 1387 2489 typothetae
1420 2432 1628 2475 traditum
1661 2433 1743 2473 est:
1775 2430 1952 2487 plagu-

206 2507 285 2549 lae
318 2505 499 2560 denique
533 2519 628 2546 cum
661 2505 804 2547 codice
836 2507 1041 2548 consueta
1072 2504 1330 2547 liberalitate
1362 2503 1507 2547 Ienam
1534 2501 1785 2545 transmisso
1813 2501 1951 2544 denuo

209 2576 393 2638 conferri
425 2578 668 2632 potuerunt.

328 2648 530 2689 Partem
557 2647 787 2689 eorundem
814 2647 1195 2689 hermeneumaton
1223 2646 1298 2694 (=
1318 2663 1357 2702 p.
1384 2648 1450 2701 10,
1477 2645 1635 2699 5—40,
1661 2643 1738 2701 20)
1765 2643 1958 2686 continet

211 2719 343 2762 codex
382 2717 739 2774 Sangallensis
778 2720 864 2760 902
909 2718 1257 2760 membranaceus
1301 2716 1458 2760 saeculi
1496 2716 1536 2759 X
1572 2730 1599 2757 a
1643 2715 1790 2757 littera
1826 2730 1851 2757 a
1887 2730 1956 2758 me

211 2793 402 2833 notatus:
436 2789 486 2830 de
519 2803 602 2844 quo
637 2790 686 2829 ef.
718 2792 888 2844 praeter
916 2788 1242 2830 Scherrerum
1275 2787 1395 2830 catal.
1427 2803 1467 2843 p.
1494 2787 1580 2830 316
1606 2785 1956 2843 Boeckingius

211 2877 249 2916 p.
283 2859 387 2902 VIII
408 2874 514 2914 sqq,
553 2858 755 2899 Keilius
794 2858 979 2899 Gramm.
1014 2859 1084 2899 lat.
1117 2858 1202 2900 VII
1233 2875 1272 2914 p.
1312 2859 1398 2901 365
1424 2874 1502 2914 sq.,
1543 2857 1958 2899 Krumbacherus

211 2947 249 2987 p.
283 2933 339 2974 35
360 2946 448 2986 sqq.
512 2929 939 2972 Hermeneumata
978 2932 1148 2971 exstant
1185 2945 1281 2986 pag.
1313 2930 1508 2972 43—59:
1547 2928 1597 2970 de
1635 2926 1811 2982 reliquis
1849 2943 1956 2983 quae

213 3002 359 3044 insunt
397 3002 446 3043 cf.
488 3000 793 3043 Scherrerus
832 3004 875 3042 et
912 3000 1124 3042 Keilius.
1187 3000 1314 3042 Hunc
1353 2999 1541 3042 codicem
1581 2997 1813 3054 Scaliger
1850 2998 1957 3040 vidit

214 3073 325 3128 apud
358 3071 637 3115 Cuiacium:
681 3074 730 3113 cf.
766 3071 1099 3127 Scaligerana
1137 3072 1218 3122 (ed.
1251 3072 1401 3128 Hagae
1435 3070 1549 3113 Com.
1583 3085 1617 3112 a.
1653 3067 1786 3125 1666)
1817 3085 1856 3125 p.
1884 3071 1958 3112 94:

215 3143 478 3187 ‘Dositheum
504 3142 589 3183 vidi
616 3141 702 3184 MS.
731 3143 841 3197 apud
869 3141 1099 3197 Gujacium.
1152 3143 1263 3185 C'est
1295 3143 1582 3199 l'exemplaire
1615 3141 1665 3183 de
1694 3139 1839 3182 Sainct
1865 3139 1957 3195 Gal,
