2271 3475
209 1456 240 1479 11)

209 1887 242 1912 15

263 178 346 218 102

257 286 443 341 dumque
477 286 522 328 in
554 286 621 327 his
655 287 754 327 sunt
791 299 837 326 εν
870 299 904 325 ω
931 287 982 335 δη
1010 296 1118 335 προ(

317 373 498 400 τουτουε
531 372 635 410 ηεαν

258 429 508 486 superuenit
553 428 772 471 cellararia
813 442 837 479 η
876 441 1119 479 ταμυουχοε

319 506 582 554 επιεερδεται

259 577 301 617 et
333 590 405 616 eos
438 574 567 615 timor
600 588 666 615 και
699 586 799 614 του(
832 574 883 623 δη
917 574 1056 624 φοβοε

260 650 301 687 et
332 648 435 702 fuga
468 643 778 700 conprehendit
811 658 878 685 και
906 658 1018 696 φυγε
1045 658 1117 686 κα-

318 721 577 769 ταλαμβανει

260 792 300 831 et
323 789 520 831 siluester
541 788 594 829 ad
614 788 824 830 urbanam
840 802 906 831 και
921 802 1120 840 οροιρηοε

318 876 425 913 προ(
459 875 603 903 αετιον

258 936 306 974 tu
339 932 512 987 quidem
544 932 695 987 inquid
728 946 774 974 cu
809 946 884 984 μεν
918 947 1002 984 εφη

258 1005 326 1046 his
365 1005 505 1046 fruere
545 1003 695 1045 dilitiis
734 1018 889 1056 ταυτηε
927 1007 1120 1046 απολαυε

320 1091 381 1119 τι(
413 1090 578 1129 τροφηε

259 1220 371 1262 Iuris
404 1219 544 1261 ciuilis
577 1224 725 1262 δικαου
760 1222 979 1262 πολιτικου

262 1295 308 1334 ut
339 1292 442 1347 quid
469 1292 772 1347 appositicium
800 1306 858 1334 ει(
884 1307 921 1334 τι
949 1298 1120 1344 εντηθη-

323 1380 453 1417 μενον

261 1437 502 1492 appellatur
534 1451 900 1489 προεαγορευεται

261 1524 312 1550 ex
356 1509 553 1564 pluribus
596 1508 793 1564 partibus
838 1524 888 1561 ηκ
928 1511 1122 1550 πλιονοιε

322 1595 468 1633 μηροιε

261 1655 429 1694 constat
463 1667 692 1704 εινεετηκηι

261 1725 334 1766 sed
367 1723 697 1766 constitutiones
730 1726 841 1766 αλλα
874 1727 1059 1767 οιαταξι(

262 1796 558 1852 imperatorias
593 1811 926 1848 αυτοκρατορικη

262 1868 461 1910 similiter
510 1867 810 1910 honorandum
861 1882 1020 1920 ομοιω(
1070 1883 1124 1910 τι-

322 1954 500 1992 μηταιον

263 2011 377 2066 quod
410 2013 474 2053 est
508 2014 703 2054 ιλιοεετιν

264 2085 305 2124 et
342 2082 528 2138 pretoris
568 2083 754 2124 edictum
788 2097 854 2124 και
888 2096 1124 2134 ετρατηγου

326 2158 538 2207 οιαδαγμα

265 2226 463 2268 similiter
489 2226 559 2268 uel
584 2225 851 2282 proconsolis
880 2240 1038 2278 ομοιωε
1058 2241 1126 2268 και

325 2304 574 2341 ανθυπατου

389 2418 421 2448 li
448 2414 479 2449 is
503 2427 571 2460 pro
598 2428 636 2450 es
663 2428 753 2451 corr.
780 2427 824 2450 m,
856 2419 888 2459 1,
913 2420 954 2450 ut
983 2415 1125 2450 videtur
1144 2417 1155 2459 Η

817 172 1164 209 FRAGMENTVM
1191 171 1465 206 PAfflsiNVM
1516 142 1517 145 ¹

1157 296 1209 323 ex
1241 296 1290 323 eo
1325 280 1439 322 enim
1473 295 1519 323 εκ
1550 295 1706 322 τουτου
1739 295 1822 333 γαρ

1157 355 1466 395 consenserunt
1500 366 1835 395 ευνκατενευεαν

1156 425 1345 481 peritum
1376 438 1586 477 ημπειρον

1158 501 1200 539 et
1233 497 1488 552 adsumptus
1520 511 1587 539 και
1620 499 1912 549 παρειληπτηε

1158 586 1210 612 ex
1242 569 1461 625 responsis
1494 572 1537 612 εξ
1571 574 1918 622 αποφθεγματωε

1158 641 1242 683 ista
1275 641 1413 683 dicere
1445 655 1579 683 ταυτα
1612 644 1760 694 ληγειν

1157 713 1228 755 lex
1260 713 1375 755 enim
1407 727 1540 765 νομοί
1573 727 1656 765 γαρ

1159 788 1297 828 cetere
1331 787 1499 841 epartes
1533 785 1645 828 iuste
1672 800 1724 827 τα
1757 788 1887 828 λοιπα
1916 800 2020 838 μερη

1218 873 1295 900 του
1330 861 1493 900 δικαιου

1160 929 1432 985 appellantur
1464 943 1860 981 προεαγορευονται

1159 1002 1332 1059 regulas
1365 1002 1479 1043 enini
1511 1016 1612 1044 τους
1644 1015 1890 1052 γακανονα(

1161 1090 1212 1115 ex
1246 1073 1443 1129 sequenti
1476 1073 1583 1115 mihi
1617 1076 1834 1117 απεΞιοντι
1866 1088 1919 1126 μο

1160 1146 1213 1187 ad
1252 1160 1300 1187 ea
1337 1145 1478 1187 studia
1510 1159 1619 1198 προ(
1650 1159 1774 1188 ταιτα
1805 1159 1859 1187 τα
1891 1151 2020 1198 μαθη-
2043 1155 2078 1181 3⁰

1220 1232 1330 1269 ματα

1160 1289 1449 1332 necessarium
1483 1303 1720 1340 αναγκαιον

1162 1365 1261 1404 ante
1325 1361 1468 1404 omnia
1531 1360 1638 1403 scire
1701 1376 1786 1414 προ
1847 1376 2023 1405 παντων

1223 1437 1380 1476 ειδεναι

1160 1521 1239 1548 neo
1290 1505 1404 1547 enim
1456 1504 1583 1547 unius
1634 1508 1735 1547 sunt
1786 1510 1888 1550 ουδε
1939 1522 2022 1560 γαρ

1222 1592 1316 1629 μιαε
1349 1591 1450 1620 ειειν

1162 1649 1421 1692 conditionis
1434 1647 1465 1705 1)
1499 1663 1704 1702 αιρεεηωε

1163 1723 1236 1764 sed
1269 1721 1412 1764 uariae
1446 1724 1557 1764 αλλα
1589 1724 1782 1774 ποικιλη(

1163 1810 1269 1849 quae
1304 1793 1475 1850 singula
1508 1808 1631 1836 ατινα
1664 1808 1816 1837 εκαετα

1161 1865 1424 1922 pertinentia
1457 1880 1673 1918 ανηκοντα

1163 1938 1215 1979 ad
1247 1938 1357 1979 hano
1390 1951 1498 1990 προ(
1529 1952 1688 1989 ταυτην

1162 2009 1408 2052 narratione
1440 2023 1518 2061 την
1545 2012 1736 2061 εέεγηειν

1163 2081 1385 2123 referenda
1418 2082 1519 2122 sunt
1552 2095 1818 2133 ανενηκτατα
1850 2095 1951 2124 ειειν

1164 2153 1208 2194 111
1267 2153 1414 2195 ordine
1466 2167 1614 2194 omnes
1666 2152 1781 2195 enim
1831 2167 1883 2206 ην
1933 2157 2024 2196 ταξι

1225 2239 1387 2277 παντηε
1418 2239 1500 2277 γαρ

1164 2300 1239 2338 aut
1271 2296 1448 2353 ingenui
1482 2300 1582 2339 sunt
1615 2313 1639 2350 η
1674 2311 1851 2350 ευγενη(
1883 2311 1989 2350 ηιειν

2041 363 2075 388 20

2041 723 2075 748 25

2043 1733 2076 1758 35

2043 2094 2078 2119 40

385 2514 416 2544 8.
444 2512 598 2546 Δικαιου
632 2524 655 2546 ιι
682 2514 743 2555 (=
764 2512 840 2547 cod.
867 2510 962 2546 Scal.
990 2513 1052 2554 61)
1085 2512 1098 2556 11
1130 2516 1162 2545 9.
1190 2509 1454 2555 apposititium
1486 2523 1510 2547 α
1545 2514 1550 2556 l
1585 2512 1617 2546 εἴ
1641 2524 1676 2546 τι
1702 2512 1955 2555 ἐντεθειμένον
1985 2513 2028 2547 in

268 2582 378 2616 mary.
394 2582 484 2605 corr.
500 2584 523 2605 (ι
543 2573 554 2617 ΙΙ
577 2575 630 2607 11.
649 2572 688 2606 ἐκ
708 2572 876 2606 πλεόνων
898 2574 1020 2615 μερῶν
1035 2584 1059 2606 (ι
1078 2572 1089 2615 ΙΙ
1112 2576 1165 2605 12.
1181 2575 1265 2616 post
1286 2571 1436 2605 constat
1454 2572 1648 2607 asteriscus
1667 2575 1717 2607 est
1734 2572 1773 2606 in
1786 2584 1809 2606 a
1832 2573 1837 2616 Ι
1860 2573 2027 2616 ευνεετή·

269 2642 318 2664 κει
340 2643 362 2664 α
382 2631 394 2674 ΙΙ
418 2634 468 2664 13.
497 2632 658 2666 διάταξιν
685 2632 726 2666 in
752 2643 864 2677 «Μάνῃ.
891 2642 983 2667 corr.
1005 2643 1028 2666 a
1046 2632 1058 2675 ΙΙ
1080 2634 1134 2665 14.
1162 2629 1402 2675 imperatoris
1422 2643 1446 2666 α
1468 2630 1473 2678 l
1497 2632 1816 2675 αὐτοκρατορικὴν
1844 2632 1886 2667 in
1911 2643 2024 2678 mary.

268 2700 357 2724 corr.
373 2702 396 2723 (ι
415 2690 427 2734 ΙΙ
449 2693 502 2724 15.
523 2691 698 2734 τιμητέον
713 2703 736 2725 a
755 2693 766 2735 ΙΙ
788 2695 842 2725 16.
864 2690 953 2734 quid
968 2703 991 2725 α
1013 2689 1018 2737 1
1042 2693 1111 2725 ιλιο
1131 2702 1165 2725 α.
1188 2691 1290 2735 αὐτῷ
1312 2691 1353 2725 z'n
1371 2702 1485 2736 mara.
1506 2702 1597 2726 corr.
1619 2703 1643 2725 α
1661 2692 1673 2735 ΙΙ
1694 2694 1749 2726 17.
1770 2690 1957 2736 praetoris
1978 2692 2023 2737 a}

270 2751 328 2783 δια
350 2750 532 2791 διάταγμα
555 2751 674 2794 (pricos
695 2752 753 2785 δια
774 2751 942 2795 deletam)
959 2762 983 2785 a
1001 2751 1012 2794 ΙΙ
1035 2753 1088 2784 18.
1110 2748 1345 2794 proconsulis
1359 2761 1381 2785 ηε
1395 2762 1419 2784 α
1438 2751 1449 2794 ΙΙ
1469 2754 1525 2785 21.
1547 2753 1603 2785 22.
1628 2751 1802 2794 ἔμπειρον
1823 2753 1882 2786 καὶ
1900 2763 2024 2795 παρει-

269 2811 411 2851 ληπτη(
443 2809 483 2842 in
514 2813 614 2844 teoetzo
639 2822 673 2844 (ι.
701 2811 871 2854 ἔμπειρος
898 2811 956 2844 καὶ
983 2809 1226 2853 παραληπτὸε
1252 2809 1294 2844 in
1318 2820 1432 2855 mary.
1459 2820 1550 2845 corr.
1577 2821 1601 2844 a
1632 2811 1643 2855 ΙΙ
1674 2814 1730 2845 21.
1753 2814 1838 2855 post
1863 2809 2028 2855 peritum

269 2868 373 2902 habet
387 2867 590 2903 *Pithoeus
608 2871 620 2912 Η
641 2874 695 2903 23.
712 2870 747 2905 ἐξ
768 2870 1058 2913 ἀποφθέγματος
1074 2880 1097 2903 α
1117 2870 1128 2913 ΙΙ
1148 2871 1203 2903 24.
1219 2869 1337 2910 λέγειν
1352 2880 1376 2903 α
1394 2870 1406 2914 ΙΙ
1428 2872 1482 2904 26.
1504 2870 1674 2905 caeterae
1694 2871 1822 2914 partes
1842 2868 1965 2904 iustae
1980 2882 2003 2905 a
2020 2869 2023 2916 Ι

273 2925 360 2960 iusti
390 2926 562 2962 Pithoeus
581 2930 592 2972 ΙΙ
612 2932 667 2962 27.
690 2933 773 2973 post
799 2927 1049 2973 appellantur
1066 2928 1259 2963 asteriscus
1285 2931 1335 2962 est
1360 2927 1402 2962 in
1421 2939 1445 2962 a
1463 2928 1474 2972 ΙΙ
1495 2931 1551 2963 28.
1577 2931 1667 2964 τοὺς
1692 2930 1763 2974 γὰρ
1789 2930 1949 2964 κανόνα(
1974 2941 1998 2964 a
2016 2930 2027 2974 Η

272 2989 327 3020 29.
356 2987 534 3021 ἐπεξιόντι
563 2988 602 3021 in
629 3000 739 3033 musy.
761 2999 851 3023 corr.
877 3000 900 3022 α
923 2987 927 3033 Ι
952 2999 1009 3029 μοι
1030 2999 1053 3022 α
1073 2988 1085 3031 ΙΙ
1105 2990 1160 3022 30.
1187 2987 1278 3030 πρὸ(
1298 2990 1417 3021 ταῦτα
1438 2988 1636 3031 μαθήματα
1656 3001 1679 3023 (ι
1698 2991 1709 3033 ΙΙ
1730 2993 1785 3023 31.
1807 2989 1927 3032 ἐφάνη
1945 2993 2029 3034 post

273 3047 474 3088 ἀναγκαῖον
496 3047 726 3081 1ῗ115ονωιᾱιιηι,
747 3048 862 3082 adscr.
887 3048 926 3081 ἰη
946 3058 1060 3092 τηαν-9.
1082 3059 1105 3081 (ι
1124 3047 1134 3091 1]
1155 3049 1210 3080 32.
1227 3050 1311 3090 post
1332 3045 1426 3081 scire
1447 3049 1639 3084 asteriscus
1659 3053 1709 3084 est
1728 3049 1769 3083 in
1788 3061 1812 3083 α
1830 3050 1842 3094 ΙΙ
1863 3052 1917 3083 34.
1934 3049 2028 3092 αἱρέ-

274 3117 362 3140 (εωε
382 3118 405 3140 a
424 3106 435 3149 Η
456 3110 511 3140 39.
539 3105 793 3140 narrationem
814 3119 837 3141 a
861 3106 864 3152 Ι
887 3109 956 3150 τήν
984 3107 1152 3149 ἐξήγηεῑν
1174 3117 1197 3140 α
1216 3105 1227 3149 ΙΙ
1247 3110 1302 3140 40.
1331 3107 1564 3149 ἀνηνεκτατα
1588 3109 1630 3143 in
1650 3112 1750 3143 textu
1769 3120 1802 3143 a.
1831 3108 2027 3142 ἀνενεκτέα

276 3166 315 3199 in
341 3176 453 3210 mary.
481 3176 572 3199 corr.
600 3177 623 3199 a
642 3166 652 3210 11
673 3170 728 3199 41.
758 3166 796 3199 ἐν
823 3167 933 3201 τάξει.
960 3165 1107 3200 Πάντες
1132 3165 1202 3207 γὰρ
1229 3176 1253 3199 α
1271 3166 1282 3209 ΙΙ
1303 3168 1358 3200 42.
1386 3167 1408 3208 ἢ
1436 3166 1596 3209 εὐγενεῖ(
1621 3168 1706 3202 εἰεὶν
1733 3180 1756 3202 α
1775 3169 1786 3213 ΙΙ
