2271 3505
0 3462 7 3505 ,Ἶ-
0 3387 7 3449 -ψ-...υ
0 3176 8 3371 -ἡ,”«,-
0 3128 3 3163 v-
0 3068 13 3113 „''’
0 3038 3 3047 -

785 176 1103 224 COLLOQVIVM
1129 179 1461 216 HARLEIANVM
1918 185 2005 227 643

292 288 428 327 ταῦτα
485 287 644 339 θέατρα
694 291 782 331 τῶν
827 290 1099 343 μονομάχων.

292 357 547 410 καινότερον
591 359 669 402 οὗν
709 363 993 414 Θεωρήςωμεν
1032 364 1101 405 καὶ

293 430 433 472 οὕτως
477 432 582 482 μετὰ
623 432 790 474 ἐκείνου
837 435 1100 489 λουςώμεθα,

292 501 400 544 ὅταν
451 502 722 546 ἀπολύςωςιν
772 506 958 557 Θεωρίαι.
1027 506 1100 548 Ὡς

294 576 443 617 θέλεις.

230 671 300 712 23.
335 671 422 714 Οὐκ
462 671 573 714 ἕςτιν
613 671 742 715 οὗτος
776 673 955 715 Λούκιος
994 674 1018 715 ὁ
1051 676 1101 716 τὸ

289 743 394 794 ἐμὸν
427 742 633 796 ἀργύριον
666 744 800 800 {xum
837 745 943 788 Ὅδε
977 746 1101 788 ἐςτίν.

289 817 555 868 Προςελθὼν
582 816 661 858 οὗν
691 816 931 869 ἀςπάςομαι
955 818 1100 860 αὐτόν.

290 891 425 940 χαῖρε,
463 889 757 931 οἰκοδέςποτα.
810 890 986 933 οὐδέπω
1027 891 1097 932 δύ-

289 974 418 1012 ναμαι
476 963 626 1013 λαβεῖν
682 963 732 1004 τὸ
790 963 894 1014 ἐμὸν
952 962 976 1004 ὅ
1028 977 1097 1015 μοι

289 1031 480 1085 ὀφείλεις
501 1034 694 1089 τοςούτῳ
717 1034 879 1090 χρόνῳ;
901 1035 1008 1090 <Τί>
1028 1037 1095 1078 λε’-

287 1119 397 1160 γεις;
442 1106 579 1160 μαίνῃ.
645 1106 867 1149 Ἐδάνειςά
911 1122 974 1150 coi
1021 1107 1094 1160 ἀρ-

286 1178 438 1229 γύριον
489 1179 556 1220 καὶ
603 1181 742 1230 λέγεις
787 1179 932 1234 μαίνῃ;
987 1179 1094 1222 ἀπο-

287 1249 478 1302 ςτερητά,
503 1251 554 1292 οὐ
575 1252 795 1301 γινώςκεις
817 1266 884 1307 με;
909 1252 1094 1304 ”Υπαγε,

285 1324 399 1375 ζήτει
449 1323 530 1365 τίνι
581 1324 813 1367 ἑδάνειςας.
879 1325 966 1375 ἐγὼ
1012 1325 1094 1376 γὰρ

285 1395 416 1438 οὐδέν
432 1409 506 1438 ςου
522 1396 623 1448 ἔχω.
643 1397 888 1450 [ἑκπλέκει.]
904 1396 1094 1448 Ὄμοςόν

285 1482 365 1520 μοι.
399 1467 570 1521 Ὀμνύω
591 1468 704 1511 ὅπου
723 1470 873 1512 θέλεις.
908 1467 1095 1521 ἄγωμεν.

284 1540 475 1592 Ὄμοςον
499 1541 546 1583 ἐν
567 1544 629 1596 τῷ
648 1541 762 1597 ἱερῷ.
799 1541 872 1583 Μὰ
893 1542 970 1584 τὸν
992 1542 1094 1585 Θεὸν

284 1616 458 1664 τοῦτον,
493 1614 623 1655 οὐδέν
650 1628 720 1665 μοι
747 1613 924 1655 ἔδωκας.
976 1613 1094 1666 Ἄρτι

285 1688 446 1737 καλῶς,
481 1686 547 1727 καὶ
581 1685 889 1738 ἀμφιςβήτηςιν
923 1689 1094 1738 ποιῆςαι

285 1758 365 1800 οὐκ
420 1757 532 1800 ἔςτιν
577 1758 712 1800 καλὸν
757 1759 974 1813 ἐλευθέρῳ
1020 1757 1093 1800 ἀν-

288 1831 451 1886 θρώπῳ
486 1831 554 1872 καὶ
587 1830 881 1886 οἰκοδεςπότῃ.

225 1927 296 1969 24.
355 1928 428 1969 Καὶ
480 1929 672 1979 λοιδορεῖ
729 1926 754 1968 ὁ
817 1927 1095 1983 θηριομάχος;

284 1998 394 2051 ἄφες
423 2000 496 2052 ἐμὲ
526 2000 592 2041 καὶ
619 2001 720 2042 τοὺς
748 1999 932 2042 ὀδόντας
960 2000 1094 2042 αὐτοῦ

285 2071 502 2115 ἑκτινάξω.
581 2071 705 2122 Κάγώ
773 2086 816 2114 ςε
881 2072 1094 2125 ἐκτυφλῶ.

285 2140 448 2196 Θεωρῶ
496 2144 535 2185 τί
580 2158 649 2195 μοι
694 2149 832 2199 ποιῇς.
890 2143 1002 2194 Ἐγώ
1051 2158 1093 2186 ςε

284 2219 448 2270 ποιήςω
507 2216 566 2258 εἰς
622 2218 822 2269 φυλακὴν
875 2216 1093 2268 ἀπελθεῖν,

283 2289 397 2331 ὅπου
431 2288 546 2331 ἄξιος
575 2288 671 2343 <εἶ>
693 2291 883 2340 γηρᾶςαι.
942 2289 1091 2331 Λοιδο-

286 2365 374 2413 ρεῖς
408 2375 477 2416 με,
510 2363 738 2413 φυλακῖτα.
790 2361 841 2402 οὐ
876 2362 1094 2413 φροντίζω

286 2448 341 2476 ςε.
400 2434 533 2486 φίλον
567 2433 678 2485 ἔχεις
717 2433 785 2475 καί
818 2447 868 2485 με
906 2433 1094 2486 εὑρήςεις

286 2506 455 2559 ἔχοντα.
509 2507 657 2548 Καλῶς
685 2505 837 2555 λέγεις.
877 2506 972 2548 ἰδοὺ
999 2521 1094 2557 ςυγ-

286 2581 416 2631 χωρῶ
450 2592 525 2620 ςοι.

225 2676 294 2718 25.
329 2675 514 2725 ε’Υπαγε
567 2675 590 2716 ὃ
630 2674 677 2715 δὲ
711 2672 949 2724 ἀναγκαῖόν
983 2676 1094 2718 ἐςτιν

284 2751 377 2790 ταῖς
398 2746 601 2798 γυναιξίν,
624 2745 741 2797 κάγὼ
764 2761 855 2786 *201*
871 2747 953 2789 ἕως
969 2747 1092 2800 ἐρχό-

286 2825 405 2873 μεθα,
439 2819 653 2872 ἑψήςωςιν
685 2819 753 2861 καὶ
780 2819 992 2871 ἐπιμελῶς
1020 2819 1092 2872 ἀρ-

285 2893 474 2935 τύςωςιν.
526 2892 594 2933 καὶ
621 2889 731 2944 ἆρον
757 2891 858 2943 ἡμῖν
885 2891 1094 2945 ἀλλάξιμα

287 2965 347 3007 εἰς
367 2966 418 3007 τὸ
437 2966 669 3018 βαλανεῖον
684 2964 752 3005 καὶ
766 2962 941 3006 ἄνοιξον
955 2965 1005 3006 τὸ
1021 2963 1094 3015 ἀρ-

286 3037 440 3090 μάριον
460 3037 529 3080 καὶ
549 3036 739 3089 εὑρήςεις
761 3035 842 3078 ἕςω
858 3037 1095 3089 μαρςύπιον

286 3111 334 3152 ἐν
380 3110 414 3164 ᾧ
461 3110 573 3152 ἐςτιν
619 3108 826 3162 ἀργύριον
870 3108 939 3150 καὶ
984 3110 1093 3162 φέρε

288 3167 455 3235 ταχέως
519 3181 628 3234 πρὸς
686 3182 764 3223 τὸν
826 3181 1093 3233 τραπεζίτην.

1200 291 1429 334 diatorum.
1484 292 1657 334 nouiter
1696 309 1798 351 ergo
1845 300 2005 351 specte—

1198 378 1295 405 mus
1346 367 1389 406 et
1434 364 1494 407 sic
1540 380 1638 408 cum
1680 366 1754 408 illo
1800 367 2007 424 lauemur,

1199 436 1370 491 quando
1446 437 1673 480 dimittunt

1199 506 1424 558 Quomodo
1458 509 1536 552 uis.

1751 441 2006 495 spectacula.

1139 676 1209 717 23.
1271 675 1373 718 Non
1436 680 1501 719 est
1564 678 1645 720 iste
1708 679 1868 723 Lucius
1932 682 2005 737 qui

1200 762 1343 789 meum
1383 764 1454 791 aes
1485 750 1648 793 habet?
1681 751 1765 794 Hic
1799 756 1875 795 est.
1926 754 2006 797 Ac-

1200 819 1354 861 cedens
1388 836 1491 877 ergo
1526 823 1723 866 salutabo
1752 840 1861 868 eum.
1914 842 2006 882 aue,

1199 895 1322 946 pater
1354 894 1552 936 familias.
1605 896 1798 939 nondum
1829 914 2006 954 possum

1198 964 1390 1020 accipere
1422 982 1566 1008 meum
1593 969 1708 1022 quod
1740 969 1848 1012 mihi
1876 971 2006 1013 debes

1197 1039 1318 1077 tanto
1356 1040 1579 1094 tempore?
1625 1040 1737 1090 Quid
1776 1042 1912 1084 dicis?
1946 1043 2006 1085 in-

1196 1109 1322 1150 sanis.
1373 1110 1582 1153 Feneraui
1617 1112 1697 1154 tibi
1725 1128 1797 1155 aes
1831 1118 1873 1156 et
1900 1115 2007 1157 ditiis

1198 1180 1387 1223 insanis?
1418 1183 1652 1239 fraudator,
1672 1200 1759 1226 non
1781 1188 2006 1243 cognoscis

1196 1258 1292 1294 me?
1320 1254 1414 1295 Duc
1437 1258 1490 1309 te,
1515 1271 1671 1310 quaere
1700 1257 1767 1298 cui
1790 1260 2006 1301 fenerasti.

1195 1341 1276 1382 ego
1314 1326 1429 1368 enim
1465 1327 1526 1370 nil
1560 1331 1684 1370 tuum
1717 1329 1867 1372 habeo.
1922 1335 2007 1384 [ex-

1196 1398 1402 1453 plicatum
1424 1402 1520 1452 est}
1555 1399 1652 1442 Iura
1671 1401 1789 1445 mihi.
1816 1402 1916 1445 Iuro
1933 1404 2006 1446 ubi

1196 1470 1315 1512 uelis.
1350 1487 1508 1514 eamus.
1544 1472 1637 1514 iura
1658 1473 1701 1515 in
1723 1475 1897 1531 templo.
1925 1475 2008 1518 Per

1195 1543 1322 1584 deum
1362 1543 1494 1598 1111110,
1538 1545 1648 1587 1111111
1691 1546 1797 1588 1111111
1839 1548 2005 1590 dedisti.

1194 1615 1323 1657 Modo
1383 1616 1509 1672 bene⁷
1567 1621 1609 1659 et
1667 1621 2007 1663 controuersiam

1194 1690 1333 1729 facere
1364 1704 1450 1730 non
1481 1691 1545 1730 est
1580 1690 1741 1732 bonum
1770 1692 1905 1735 libero
1933 1693 2005 1735 110-

1195 1760 1300 1802 mini
1334 1764 1376 1802 et
1408 1761 1520 1816 patri
1556 1763 1753 1806 familias.

1135 1930 1202 1971 24.
1257 1929 1316 1971 Et
1362 1930 1580 1972 maledicit
1632 1920 1894 1975 bestiarius?
1946 1934 2003 1976 di-

1195 2001 1319 2043 mitte
1377 2018 1444 2044 me
1497 2007 1539 2044 et
1591 2004 1740 2047 dentes
1793 2006 1884 2048 eius
1936 2022 2003 2048 ex-

1383 2075 1481 2132 Ego
1528 2079 1570 2118 te
1615 2092 1806 2120 excaeco.
1864 2078 2011 2139 Video·

1194 2146 1297 2201 quid
1319 2146 1424 2188 mihi
1446 2148 1588 2190 facies.
1616 2149 1714 2206 Ego
1733 2152 1832 2205 <te>
1848 2151 2003 2193 faciam

1195 2218 1238 2260 in
1278 2234 1491 2261 carcerem
1531 2221 1611 2275 ire,
1656 2222 1727 2263 ubi
1767 2222 1924 2279 dignus
1959 2240 2003 2265 es

1194 2074 1323 2116 cutio.

1193 2307 1425 2334 senescere.
1471 2293 1694 2336 Maledicis
1733 2310 1818 2350 me,
1864 2299 2002 2338 custo-

1196 2364 1294 2406 dite.
1323 2380 1410 2406 non
1438 2380 1539 2407 curo
1561 2370 1615 2408 te.
1662 2367 1847 2409 amicum
1869 2368 2002 2410 habes

1195 2439 1237 2477 et
1268 2452 1335 2478 me
1366 2437 1562 2479 inuenies
1587 2439 1831 2481 habentem.
1884 2441 2000 2483 Bene

1194 2509 1310 2551 dicis.
1365 2524 1460 2552 ecce
1494 2511 1679 2553 concedo
1713 2511 1806 2553 tibi.

1134 2679 1201 2720 25.
1246 2677 1378 2720 Vade.
1443 2679 1558 2734 quod
1602 2681 1891 2724 necessarium
1936 2685 2001 2725 est

1193 2750 1461 2807 mulieribus,
1479 2766 1560 2808 ego
1576 2768 1597 2791 *
1607 2768 1660 2792 κε*
1673 2753 1775 2796 dum
1790 2754 2000 2810 uenimus,

1193 2826 1380 2878 coquant
1426 2826 1469 2864 et
1514 2824 1747 2881 diligenter
1785 2826 1998 2869 condiant.

1195 2898 1237 2936 et
1300 2895 1405 2937 tolle
1467 2896 1594 2938 nobis
1656 2898 1892 2941 mutatoria
1954 2898 2000 2940 111

1194 2966 1398 3010 balneum
1445 2971 1487 3010 et
1532 2969 1651 3025 aperi
1690 2970 1923 3013 armarium
1956 2973 1999 3011 et

1194 3038 1390 3082 inuenies
1423 3040 1539 3084 intro
1572 3042 1802 3084 saccellum
1834 3042 1879 3084 in
1912 3057 1997 3098 quo

1195 3115 1259 3153 est
1305 3127 1376 3155 aes
1422 3116 1465 3155 et
1503 3114 1609 3157 affer
1648 3115 1734 3157 cito
1780 3114 1834 3155 ad
1875 3129 1996 3156 num—

1194 3184 1436 3228 mularium.
1502 3187 1705 3241 [feliciter
1749 3186 1901 3243 scripsi
1947 3186 1997 3228 de

1635 3257 1708 3293 411
