2194 3475
708 183 1131 220 HERMENEVMATA
1157 183 1501 220 EINSIDLENSIA

221 299 373 350 φωνῆς
407 295 587 350 ἀκούςω,
619 310 770 338 uocem
804 295 992 351 audiero,

221 370 273 412 οὐ
306 370 564 421 ςυγχωρήςω
587 402 594 410 .
615 383 703 409 non
734 383 931 422 paream.

221 441 460 494 ἀναλάβετε
492 440 611 493 ὑμᾶς,
643 438 821 494 recipite
855 454 945 494 uos,

221 516 433 568 κοιμᾶςθε,
465 511 687 567 quiescite,

185 602 201 627 5
221 587 289 628 καὶ
321 584 677 638 ἀλεκτρυοφωνίᾳ
710 585 752 624 et
785 583 1005 639 gallicinio

222 673 271 709 με
305 659 578 711 ἐξυπνήςατε,
612 671 679 697 me
713 655 910 710 excitate,

219 731 291 773 ἵνα
324 729 520 783 ἐκδράμω
543 763 550 770 .
572 731 620 770 ut
653 743 902 770 excurram.

78 877 197 924 [156¹]
221 875 346 918 πίναξ
378 877 456 917 τοῦ
489 873 708 925 παρόντος
742 876 907 916 λεξικοῦ
937 871 1087 914 tabula

279 946 520 1003 praesentis
553 945 798 988 dictionarii

219 1023 297 1062 τοῦ
342 1021 439 1071 περὶ
488 1019 714 1071 διαφόρων
760 1017 988 1069 ὀνομάτων
1033 1017 1084 1058 (16

281 1091 465 1133 diuersis
497 1091 748 1133 nominibus

167 1180 200 1205 10
221 1177 235 1206 1
269 1167 381 1207 θεῶν
415 1164 607 1216 ὀνόματα
640 1163 817 1205 deorum
851 1162 1025 1203 nomina

221 1250 254 1279 11
288 1238 385 1289 περὶ
416 1240 504 1279 τῶν
537 1237 584 1278 ἐν
618 1240 678 1291 τῶ
709 1237 788 1290 ᾅδῃ
818 1235 868 1276 de
896 1234 949 1276 iis
976 1249 1085 1290 quae

281 1309 326 1351 in
358 1309 528 1351 inferno

221 1394 272 1424 111
307 1384 404 1435 περὶ
436 1383 677 1436 θεοςεβείας
710 1382 760 1423 de
795 1380 1004 1437 religione

221 1468 290 1498 1111
303 1457 399 1508 περὶ
415 1458 533 1498 ναῶν
546 1455 677 1507 ἱερῶν
693 1454 743 1495 de
759 1453 938 1495 aedibus
953 1452 1086 1494 saeris

221 1539 250 1569 V
284 1529 381 1579 περὶ
413 1530 568 1570 θυςιῶν
603 1527 653 1568 (16
687 1526 910 1568 sacrifieiis

169 1614 201 1639 15
221 1612 268 1642 VI
302 1601 400 1652 περὶ
433 1600 598 1653 ἑορτῶν
631 1599 682 1641 (16
716 1599 868 1641 diebus
902 1597 1024 1639 festis

221 1684 289 1714 V11
321 1671 401 1714 ὅςα
433 1673 481 1715 ἐν
514 1671 680 1727 θεάτρῳ
708 1686 816 1727 quae
845 1671 889 1712 in
915 1671 1086 1712 theatro

221 1757 304 1786 VIII
338 1744 416 1787 ὅςα
450 1745 498 1787 ἐν
533 1744 687 1800 ςταδίῳ
727 1758 835 1800 quae
870 1743 914 1784 in
948 1742 1086 1784 stadio

221 1829 319 1859 VIIII
360 1816 439 1859 ὅςα
477 1818 525 1860 ἐν
565 1816 843 1871 ἀμφιθεάτρῳ
890 1830 997 1871 quae
1043 1815 1087 1856 in

282 1889 604 1945 amphitheatro

221 1975 251 2004 X
285 1961 363 2004 ὅςα
393 1963 440 2005 ἐν
466 1962 739 2017 ἱπποδρομίῳ
766 1976 874 2017 quae
903 1961 946 2002 in
973 1960 1086 2002 circo

168 2049 201 2075 20
222 2046 268 2076 XI
303 2035 400 2086 περὶ
429 2037 517 2077 τῶν
544 2035 591 2077 ἐν
618 2035 792 2089 οὐρανῷ
820 2034 870 2075 (16
899 2033 951 2075 iis
979 2048 1087 2088 quae

283 2106 327 2148 in
360 2106 477 2149 eaelo

222 2191 288 2221 XII
323 2180 420 2231 περὶ
458 2182 546 2222 τῶν
585 2179 802 2232 οὐρανίων
835 2178 1002 2231 ἄςτρων
1035 2177 1086 2219 (16

281 2251 541 2294 caelestibus
575 2251 712 2309 signis

222 2337 309 2368 XIII
349 2326 446 2377 περὶ
487 2328 576 2367 τῶν
618 2326 787 2368 δώδεκα
829 2324 995 2367 ζωδίων
1036 2323 1086 2364 de

282 2396 506 2438 duodecim
541 2397 678 2454 signis

222 2482 323 2511 XIIII
358 2471 455 2521 περὶ
487 2469 678 2522 ἀςτέρων
712 2469 762 2510 de
797 2468 935 2510 stellis

222 2554 283 2584 XV
318 2543 415 2594 περὶ
449 2541 620 2594 χρόνων
653 2542 704 2584 (16
738 2540 1008 2596 temporibus

120 2664 126 2671 ‚
169 2627 202 2653 25
223 2627 305 2657 XVI
343 2618 471 2667 μῆνες
502 2614 726 2668 Ἑλλήνων
756 2629 925 2656 menses
959 2613 1087 2656 Grae-

282 2701 430 2728 eorum

222 2771 321 2801 XVII
350 2762 479 2810 μῆνες
498 2758 736 2812 Ἀθηναίων
764 2774 935 2802 menses
955 2760 1087 2802 Athe-

282 2829 498 2871 niensium

222 2915 337 2945 XVIII
407 2906 535 2955 μῆνες
601 2903 845 2954 Αἰγυπτίων
916 2919 1086 2946 menses

282 2974 601 3031 Aegyptiorum

1895 183 1982 226 235

1121 309 1201 338 XIX
1228 300 1356 348 μῆνες
1385 295 1596 349 Ἑβραίων
1623 309 1769 337 menes
1796 294 1983 336 Hebrae-

1182 383 1305 410 orum

1122 454 1187 482 XX
1221 445 1349 493 μῆνες
1380 440 1603 493 Ῥωμαίων
1635 455 1804 481 menses
1830 439 1984 481 Roma-

1182 528 1337 554 norum

1122 597 1203 626 XXI
1236 586 1332 636 περὶ
1365 588 1452 627 τῶν
1484 586 1656 637 ἡμερῶν
1690 585 1740 626 (16
1775 585 1926 626 diebus
2006 595 2040 620 30

1122 669 1222 698 XXII
1268 658 1364 708 περὶ
1408 660 1496 699 τῶν
1542 658 1762 709 ςτοιχείων
1808 657 1858 698 (16
1904 656 1983 698 616-
2003 659 2129 706 [15611]

1183 728 1341 770 mentis

1123 813 1246 843 XXIII
1278 802 1375 853 περὶ
1407 803 1496 844 τῶν
1529 801 1699 854 ἀνέμων
1733 802 1783 843 (16
1818 801 1960 843 uentis

1124 886 1261 916 XXIIII
1294 875 1392 927 περὶ
1425 876 1647 917 θαλαςςῶν
1680 875 1730 916 (16
1764 874 1956 916 maribus

1124 959 1219 988 XXV
1252 947 1348 998 περὶ
1383 949 1471 988 τῶν
1504 948 1699 996 γλυκέων
1731 947 1902 989 ὑδάτων
1935 946 1986 987 (16

1184 1018 1307 1074 aquis
1341 1018 1539 1061 dulcibus

1124 1103 1239 1132 XXVI
1279 1093 1375 1143 περὶ
1420 1091 1706 1144 ἀνθρωπίνων
1752 1094 1894 1143 μελῶν
1937 1091 1987 1132 de
2009 1102 2042 1125 :35

1185 1163 1385 1205 humanis
1418 1164 1624 1206 membris

1124 1249 1259 1278 XXVII
1283 1238 1379 1289 περὶ
1400 1240 1488 1279 τῶν
1508 1238 1682 1289 ἡλικιῶν
1703 1236 1753 1277 (16
1775 1235 1990 1277 aetatibus

1125 1322 1275 1351 XXVIII
1305 1311 1401 1361 περὶ
1428 1309 1604 1361 τρόπων
1625 1308 1912 1360 ἀνθρωπίνων
1939 1307 1989 1348 (16

1186 1381 1380 1423 moribus
1414 1381 1614 1424 humanis

1126 1466 1240 1496 XXIX
1279 1456 1375 1506 περὶ
1415 1455 1585 1507 φυςεως
1625 1453 1896 1506 ἀνθρωπίνης
1939 1452 1989 1494 (16

1184 1529 1338 1569 natura
1371 1527 1559 1569 humana

1125 1613 1220 1642 XXX
1254 1601 1351 1652 περὶ
1383 1600 1521 1652 γάμου
1556 1600 1606 1641 (16
1641 1597 1804 1654 nuptiis

1126 1685 1241 1715 XXXI
1269 1673 1365 1725 περὶ
1390 1673 1637 1723 ςυγγενείας
1659 1672 1709 1713 (16
1731 1670 1989 1727 cognatione
2010 1681 2044 1705 io

1126 1758 1262 1787 XXXII
1296 1746 1392 1798 περὶ
1427 1745 1667 1798 βρωμάτων
1701 1744 1751 1785 (16
1785 1743 1894 1785 escis

1127 1830 1279 1860 XXXIII
1314 1818 1410 1870 περὶ
1443 1820 1592 1860 ποτῶν
1626 1816 1677 1858 (16
1709 1816 1886 1872 potibus
1918 1830 1989 1870 po-

1185 1889 1380 1932 tionibus

1127 1976 1297 2005 XXXIIII
1330 1964 1427 2015 περὶ
1459 1964 1637 2014 κρέατος
1671 1961 1721 2003 (16
1755 1976 1880 2003 earne

1125 2048 1254 2078 XXXV
1299 2037 1397 2088 περὶ
1441 2021 1644 2087 δευτέρας
1689 2036 1899 2087 τραπέζης
1939 2033 1989 2074 (16

1187 2108 1371 2150 secunda
1404 2123 1551 2149 mensa

1125 2193 1276 2223 XXXVI
1309 2182 1406 2233 περὶ
1439 2181 1599 2232 ἰχθύων
1633 2179 1684 2221 (16
1716 2178 1907 2235 piscibus

1126 2266 1293 2296 XXXVII
1339 2254 1437 2306 περὶ
1482 2251 1702 2295 πετεινῶν
1740 2251 1790 2293 (16
1839 2250 1988 2293 uolati-

1184 2325 1301 2367 libus

1125 2411 1309 2442 XXXVIII
1355 2399 1452 2451 περὶ
1490 2401 1579 2441 τῶν
1617 2397 1899 2451 τετραπόδων
1938 2397 1988 2438 (16

1185 2471 1535 2527 quadrupedibus

1125 2556 1275 2586 XXXIX
1320 2545 1417 2596 περὶ
1461 2543 1714 2596 κυνηγηςίας
1765 2543 1816 2585 (16
1864 2558 1988 2585 uena-

1186 2615 1304 2658 tione

1128 2701 1188 2730 XII
1222 2690 1318 2740 περὶ
1351 2690 1546 2740 ἑρπετῶν
1579 2690 1647 2731 καὶ
1674 2690 1904 2742 ςκωλήκων
1938 2687 1988 2729 (16

1187 2761 1460 2817 serpentibus
1493 2763 1536 2802 et
1569 2761 1790 2803 uermibus

1125 2846 1203 2875 XLI
1237 2836 1335 2887 περὶ
1367 2833 1585 2885 ἀγροικίας
1623 2833 1674 2874 (16
1707 2832 1987 2875 rusticatione
2007 2841 2043 2865 50

1123 2918 1223 2948 XLII
1250 2907 1346 2958 περὶ
1373 2906 1610 2958 ἐργαλείων
1637 2906 1688 2947 (16
1715 2905 1987 2947 ferramentis

1124 2990 1242 3021 XLIII
1274 2979 1371 3031 περὶ
1404 2979 1598 3031 δένδρων
1632 2978 1682 3020 (16
1716 2977 1944 3020 arboribus

2009 2188 2044 2213 45

2011 2977 2129 3031 [157¹]

343 3147 375 3178 3.
414 3144 510 3187 ἡμᾶς
548 3143 624 3178 cod.
660 3143 781 3179 Paris.
820 3148 854 3179 et
886 3144 994 3180 Eius.
1027 3148 1069 3190 2,
1101 3146 1148 3180 B.
1183 3145 1388 3181 Rhenanus
1418 3147 1430 3191 ΙΙ
1462 3149 1494 3181 6.
1527 3156 1586 3180 me
1617 3157 1684 3182 om.
1717 3146 1794 3182 cod.
1828 3145 1949 3181 Paris.
1985 3146 1987 3186 1

187 3199 190 3202 ’
223 3205 279 3236 21.
308 3203 481 3247 οὐρανῶν
508 3203 582 3238 cod.
605 3204 693 3248 1146.
719 3206 980 3264 πετειῶνῖοοῑῑ.
1000 3207 1013 3250 ΙΙ
