2302 3505
275 1037 307 1061 10

275 1396 307 1421 15

274 1756 307 1781 20

275 2548 309 2573 30

332 188 419 230 380

329 313 458 355 supra
490 297 654 353 sponda
685 295 804 338 lecti:
837 296 906 338 ἐπὶ
931 298 1008 337 τοῦ
1036 294 1186 347 ἐνηλά-

388 385 464 412 του
498 374 571 422 τῆς
605 369 757 420 κλίνης.

327 442 515 501 poposci>
535 443 667 493 ἤτηςα

329 513 607 555 calciamenta
639 512 893 564 ὑποδήματα

329 589 370 627 et
404 600 560 639 ocreas,
594 585 659 626 καὶ
692 587 1005 636 περικνημῑδας.

329 660 419 699 era-t
452 656 565 697 enim
598 657 650 709 ῆν
683 657 763 708 γὰρ

328 729 475 785 frigus.
511 729 661 780 ψύχος.

328 799 531 842 calciatus
565 814 668 855 ergo
701 800 926 843 ὑποοεθεὶς
959 802 1037 843 οὖν

328 871 469 926 accepi
503 871 696 913 linteum.
731 872 890 925 ἔλαβον
923 873 1150 925 ὠμόλινον.

327 946 572 998 porrectum
606 947 670 986 est
703 945 888 997 ἐπεδόθη

327 1015 545 1057 mundum.
580 1017 779 1069 καθαρόν.

327 1088 456 1129 allata
489 1091 554 1130 est
586 1091 853 1142 προςηνέχθη

327 1175 437 1216 aqua
470 1162 584 1213 ὕδωρ

327 1233 379 1273 ad
411 1232 564 1274 faciem
597 1233 704 1285 πρός
736 1235 813 1286 τὴν
846 1233 949 1286 ὄψιν

327 1304 371 1346 in
404 1304 621 1347 orciolum.
656 1306 713 1347 εἰς
747 1306 945 1358 ὀρνόλην.

329 1376 449 1418 cuius
482 1377 709 1432 superfusu
743 1378 777 1432 ᾧ
811 1379 1025 1430 ἐπιχυθεὶς

326 1449 512 1504 primum
546 1452 721 1501 πρῶτον

326 1535 489 1575 mamm,
527 1525 683 1576 χεῖρας,

328 1592 478 1634 deinde
513 1594 564 1634 ad
598 1593 689 1635 εἶτα
723 1594 828 1635 κατὰ

326 1664 496 1706 faciem:
529 1667 605 1717 τὴν
638 1665 761 1717 ὄψιν·

328 1738 370 1777 et
403 1752 450 1778 os
483 1736 628 1779 clausi.
662 1739 729 1779 καὶ
763 1739 811 1780 τὸ
846 1738 976 1790 (τόμοι
1010 1738 1185 1781 ἕκλειςα.

327 1809 475 1850 dentes
508 1809 633 1850 fricui
667 1810 850 1852 ὀδόντας
883 1810 1037 1863 ἔτριψα

328 1883 369 1921 et
401 1880 614 1937 gingiuas.
649 1883 716 1923 καὶ
749 1882 868 1924 οὖλα.

328 1952 455 2007 expui
489 1954 696 1996 ἐξέπτυςα

327 2024 499 2066 inutilia
530 2026 582 2067 τὰ
615 2024 801 2078 ἄχρηςτα

274 2117 288 2141 2
328 2096 438 2138 sicut
458 2097 831 2153 superueniebant,
853 2098 911 2140 ὥς
932 2113 1026 2140 τινα
1048 2100 1187 2151 ἐπιήρ-

389 2183 532 2223 χοντο,

329 2243 370 2281 et
404 2240 576 2281 emunxi
609 2256 687 2282 me.
722 2242 788 2283 καὶ
820 2242 1090 2294 ἑξεμυξάμην.

327 2312 433 2353 haec
466 2312 609 2353 omnia
641 2316 775 2354 ταῦτα
807 2313 948 2355 πάντα

331 2384 465 2425 effusa
498 2387 608 2425 sunt.
643 2385 910 2437 ἐξεχύθηςαν.

328 2455 431 2496 tersi
466 2471 628 2511 manus,
662 2457 840 2509 ἐξέμαξα
871 2458 945 2499 τὰς
979 2461 1142 2513 χεῖρας,

330 2527 480 2568 deinde
514 2528 662 2570 ἔπειτα

331 2602 373 2640 et
406 2599 597 2654 brachia,
629 2601 696 2641 καὶ
728 2601 829 2642 τοὺς
864 2601 1091 2653 βραχίονας

331 2673 373 2712 et
405 2671 580 2713 faciem:
613 2673 679 2713 καὶ
711 2674 787 2724 τὴν
821 2672 941 2724 ὄψιν·

330 2745 378 2783 ut
410 2742 593 2784 mundus
624 2744 696 2785 ἵνα
729 2745 912 2796 καθαρὸς

330 2814 567 2868 procedam.
603 2817 811 2866 προέλθω.

296 2905 311 2929 5
332 2885 391 2926 sic
426 2885 539 2926 enim
572 2887 709 2928 οὕτως
741 2888 822 2939 γὰρ

332 2957 451 2998 decet
483 2971 664 3011 puerum
696 2961 849 3011 πρέπει
882 2963 1019 3002 παῖδα

331 3029 567 3085 ingenuum
600 3031 830 3083 ἐλεύθερον

333 3100 504 3142 discere.
538 3105 697 3152 μαθεῖν.

331 3172 536 3229 posthaec
570 3173 675 3225 μετὰ
706 3176 839 3215 ταῦτα

870 180 1288 220 HERMENEVMATA
1317 184 1559 220 STEPHANI

1226 295 1410 351 grafium
1443 299 1658 348 γραφεῖον
2105 309 2140 335 4ο

1227 366 1446 422 requisiui,
1480 368 1726 422 ἐπεζήτηςα,

1227 442 1268 480 et
1301 439 1610 481 membranum.
1646 441 1713 481 καὶ
1746 439 1967 492 ςωμάτιον.

1226 514 1268 552 et
1318 511 1423 552 haec
1473 511 1630 553 tradidi
1681 513 1749 553 καὶ
1798 515 1933 555 ταῦτα
1979 528 2084 565 παρ-

1287 585 1427 626 έοωκα

1227 670 1323 697 meo
1357 670 1500 710 puero.
1536 656 1623 711 ἐμῷ
1658 656 1785 698 παιδί.

1226 730 1401 783 paratus
1433 742 1538 784 ergo
1572 728 1831 780 ἑτοιμαςθεὶς
1864 729 1943 772 οὖν

1227 799 1272 841 in
1305 799 1460 854 omnia,
1496 800 1553 841 εἰς
1586 799 1740 855 πάντα,

1226 871 1415 927 processi
1449 874 1670 923 προῆλθον

1226 944 1338 985 bono
1373 942 1576 998 auspicio,
1608 946 1714 999 καλῇ
1748 945 1934 1001 κληδόνι,

1226 1018 1431 1070 sequente
1464 1030 1532 1056 me
1566 1015 1912 1060 ἀκολουθοῦντός
1944 1034 2014 1071 μοι

1225 1087 1477 1143 paedagogo
1511 1091 1792 1139 παιδαγωγοῦ

1225 1162 1340 1201 recte
1374 1160 1512 1211 ὀρθῶς

1226 1247 1301 1286 per
1332 1230 1548 1286 porticum
1581 1232 1649 1274 διὰ
1681 1237 1755 1285 τῆς
1788 1237 1911 1276 ςτοᾶς

1228 1318 1335 1358 quae
1369 1303 1551 1344 ducebat
1584 1305 1672 1356 ἥτις
1704 1306 1808 1357 ἦγεν

2106 740 2141 766 45

2106 1100 2141 1126 50

1228 1377 1280 1417 ad
1313 1375 1515 1417 scholam.
1550 1376 1608 1418 εἰς
1641 1378 1717 1429 τὴν
1751 1380 1919 1431 ςχολήν.

1227 1448 1363 1490 sicubi
1397 1448 1547 1490 εἴτινές
2107 1460 2142 1485 55

1226 1520 1332 1561 mihi
1364 1519 1457 1561 noti
1491 1535 1559 1572 μοι
1592 1522 1775 1570 γνωςτοὶ

1226 1594 1515 1647 occurrerunt,
1548 1592 1805 1647 ὑπήντηςαν,

1226 1664 1411 1705 salutaui
1445 1679 1534 1705 eos:
1568 1664 1817 1716 ἠςπαςάμην
1850 1666 2024 1709 αὐτούς·

1227 1739 1268 1777 et
1289 1736 1353 1777 illi
1374 1751 1441 1777 me
1462 1736 1809 1778 resalutauerunt
1843 1738 1910 1779 καὶ
1930 1739 2086 1781 ἐκεῖνοι

1286 1810 1357 1860 ἐμὲ
1392 1808 1727 1860 ἀντηςπάςαντο.

1226 1883 1274 1922 ut
1308 1895 1410 1936 ergo
1443 1879 1542 1922 ueni
1576 1881 1634 1922 ὡς
1667 1883 1717 1933 δὴ
1751 1882 1885 1934 ἦλθον

1226 1953 1279 1994 ad
1311 1952 1481 2007 scalam,
1514 1954 1621 2005 πρὸς
1654 1955 1731 2005 τὴν
1763 1954 1954 2009 κλίμακα,

1227 2024 1397 2067 ascendi
1428 2039 1505 2080 per
1539 2024 1697 2077 ἀνέβην
1730 2025 1799 2067 διὰ

1226 2097 1385 2153 gradus
1417 2100 1504 2138 τῶν
1540 2099 1711 2149 βαθμῶν

1227 2169 1328 2224 otio,
1361 2171 1408 2210 ut
1441 2168 1613 2223 ἀτρέμα,
1645 2167 1703 2209 ὡς

1227 2240 1466 2296 oportebat,
1500 2240 1598 2282 ἔδει.

1227 2315 1269 2354 et
1296 2312 1339 2353 in
1365 2311 1578 2367 proscolio
1607 2311 1783 2367 deposui
1815 2310 1998 2353 birrum:
2019 2312 2085 2354 καὶ

1286 2386 1333 2426 ἐν
1353 2388 1414 2438 τῷ
1435 2384 1678 2439 προςχολίῳ
1700 2383 1892 2436 ἀπέθηκα
1914 2388 2084 2438 βιρριον.

1227 2458 1269 2497 et
1302 2455 1503 2496 demunxi
1537 2457 1603 2498 καὶ
1635 2457 1853 2509 κατέψηξα

1226 2527 1414 2582 capillos,
1448 2528 1606 2580 τρίχας.

1227 2602 1269 2641 et
1301 2599 1361 2641 sic
1395 2599 1561 2642 eleuato
1595 2601 1662 2642 καὶ
1695 2601 1833 2642 οὕτως
1865 2599 2034 2654 ἠρμένῳ

1227 2674 1429 2713 centrone
1462 2673 1667 2724 κέντρωνι

1226 2743 1417 2798 introiui‚
1450 2744 1660 2796 εἰςῆλθον”

1227 2818 1269 2856 et
1300 2814 1487 2870 primum
1520 2816 1587 2857 καὶ
1618 2817 1794 2867 πρῶτον

1227 2885 1411 2928 salutaui
1444 2886 1691 2939 ἠςπαςάμην

1226 2960 1536 3012 praeceptores,
1568 2959 1820 3013 καθηγητὰς,

1227 3028 1552 3084 condiscipulos.
1588 3029 1865 3082 ςυμμαθητόις.

1228 3100 1387 3142 etenim
1419 3098 1516 3142 inde
1550 3102 1616 3143 καὶ
1648 3102 1729 3153 γὰρ
1762 3102 1926 3144 ἐκεῖθεν

1226 3172 1432 3227 proficere
1465 3172 1724 3224 προκόπτειν

2105 1892 2140 1918 60

2104 2251 2139 2277 65

2105 2682 2139 2706 70

2103 3039 2136 3064 75
