2164 3470
838 827 1280 883 PRAEFATIO

300 969 436 1011 Tertii
480 967 712 1010 voluminis
757 967 872 1022 quod
916 966 1031 1008 foras
1075 980 1189 1007 nunc
1233 964 1385 1006 emitto
1430 963 1589 1019 triplex
1634 966 1698 1005 est
1742 964 1937 1005 materia:

180 1043 351 1098 praeter
394 1041 813 1082 hermeneumata
849 1036 1367 1080 Pseudodositheana
1415 1049 1522 1090 quae
1566 1035 1697 1091 vulgo
1737 1034 1938 1076 dicuntur

181 1113 440 1170 glossaria
480 1112 646 1167 aliquot
685 1111 943 1153 exhibentur
982 1124 1033 1151 ex
1071 1109 1223 1150 iisdem
1261 1107 1329 1149 vel
1368 1106 1582 1149 similibus
1620 1105 1743 1148 libris
1775 1106 1937 1147 herme-

180 1184 436 1227 neumaticis
487 1186 706 1239 excerpta:
758 1182 915 1237 quibus
966 1195 1074 1236 quae
1126 1180 1321 1222 subiecta
1372 1182 1473 1221 sunt
1522 1179 1939 1220 hermeneumata

181 1255 652 1299 medico-botanica
683 1254 974 1296 vetustiora
1000 1268 1024 1294 a
1050 1252 1227 1308 reliquis
1255 1252 1422 1293 diversa
1449 1253 1560 1305 sunt,
1592 1249 1675 1291 nisi
1703 1249 1816 1305 quod
1843 1264 1939 1290 cum

181 1328 267 1370 illis
306 1327 530 1383 utriusque
568 1327 743 1383 linguae
776 1340 856 1367 usu
889 1324 1175 1367 continentur.
1238 1321 1690 1365 Hei-meneumatis
1722 1321 1939 1362 Pseudo-

181 1399 504 1442 dositheanis
532 1413 660 1454 qua-m
687 1397 790 1439 olim
815 1397 1072 1453 promiserat
1100 1411 1274 1451 operam
1301 1394 1415 1450 quod
1440 1396 1657 1450 praestare
1684 1408 1771 1434 non
1797 1392 1939 1447 potuit

183 1471 397 1514 Carolus
422 1470 779 1513 Krumbacher
810 1484 936 1511 nemo
969 1468 1109 1525 magis
1142 1482 1271 1523 quam
1298 1481 1378 1523 ego
1407 1465 1586 1519 dolebit:
1620 1465 1693 1506 sed
1721 1479 1817 1506 cum
1844 1463 1939 1505 aliis

182 1543 402 1586 districtus
433 1542 656 1585 laboribus
687 1542 802 1583 hunc
834 1556 878 1583 se
912 1539 1123 1582 sustinere
1155 1554 1281 1595 posse
1312 1537 1521 1594 proximis
1554 1536 1676 1578 annis
1701 1536 1939 1591 praefracte

180 1618 400 1672 negasset,
439 1614 601 1656 invitus
638 1613 887 1656 necessitati
921 1612 1110 1654 serviens
1142 1611 1234 1667 ipse
1268 1609 1463 1652 successi.
1526 1608 1676 1663 Itaque
1710 1610 1940 1663 apparatus

182 1701 310 1742 quem
360 1686 433 1728 ille
484 1685 735 1742 collegerat,
786 1685 831 1727 in
882 1699 999 1726 meas
1049 1698 1201 1725 manus
1252 1682 1435 1724 transiit.
1499 1681 1615 1730 Quae
1659 1679 1851 1722 nondum
1895 1679 1939 1720 in

181 1761 386 1814 promptu
432 1760 570 1812 erant,
615 1772 711 1799 cum
752 1756 1143 1798 Gundermanno
1182 1769 1277 1796 meo
1317 1752 1555 1808 composui:
1602 1766 1686 1807 qua
1724 1751 1767 1792 in
1806 1765 1850 1792 re
1891 1753 1939 1791 ut

183 1845 308 1872 suum
358 1829 510 1884 cuique
561 1828 764 1885 religiose
818 1828 1118 1885 adsignaretur
1165 1826 1245 1868 hac
1292 1824 1559 1880 praefatione
1609 1821 1938 1879 diligentissime

182 1904 356 1944 cautum
389 1916 480 1943 esse
512 1900 641 1943 volui.

1049 2053 1069 2094 Ι

304 2146 329 2194 ξ
365 2144 399 2183 1.
450 2140 645 2182 Primum
690 2154 798 2194 quae
840 2138 983 2180 locum
1021 2139 1171 2178 tenent
1209 2136 1629 2177 hermeneumata
1666 2132 1940 2174 Leidensia

184 2229 236 2256 ex
268 2213 412 2255 codice
438 2210 679 2254 Leidensi
708 2209 921 2253 Vossiano
954 2223 1108 2266 graeco
1136 2208 1182 2258 Q.
1212 2210 1233 2250 7
1271 2207 1429 2250 saeculi
1454 2204 1538 2263 Xl)
1565 2205 1679 2247 edita
1707 2206 1822 2246 sunt:
1855 2218 1938 2258 quo

148 2280 237 2329 'Vde
287 2284 431 2327 codice
480 2285 652 2338 praeter
701 2282 809 2324 alios
860 2283 1043 2338 egerunt
1093 2279 1445 2336 Boeckingius
1495 2278 1540 2319 in
1589 2276 1719 2332 praef.
1771 2274 1939 2317 Dosith.

183 2374 222 2414 p.
254 2354 526 2399 XJv—XXI
571 2358 614 2396 et
651 2353 1072 2396 Krumbacherus
1117 2352 1188 2409 (de
1235 2351 1452 2394 codicibus
1494 2349 1651 2405 quibus
1689 2348 1939 2402 interpreta-

184 2431 330 2472 menta
366 2426 790 2470 Pseudodositheana
827 2425 954 2468 nobis
992 2424 1151 2466 tradita
1190 2426 1301 2466 sunt.
1364 2421 1582 2464 Monachii
1623 2418 1757 2475 1883)
1799 2435 1838 2474 p.
1872 2419 1939 2461 35.

306 2571 340 2615 1)
369 2569 526 2605 Saeculo
548 2568 723 2604 decimo
745 2567 912 2603 codicem
932 2565 1068 2602 tribuit
1088 2565 1482 2608 Gundermannus,
1503 2562 1701 2597 undecimo
1721 2559 1938 2595 Boeckin-

183 2631 288 2677 gius
314 2630 406 2665 duce
434 2628 612 2671 Geeli03
645 2628 691 2664 cf.
716 2626 1031 2672 Boeckingius
1057 2638 1094 2672 p.
1120 2625 1200 2661 XV.
1246 2624 1421 2659 Ceterum
1446 2621 1692 2668 apographon
1715 2619 1826 2655 huius
1850 2618 1939 2654 libri

184 2691 309 2726 exstat
332 2688 432 2724 inter
458 2687 679 2734 apographa
698 2687 1060 2722 Burmanniana:
1088 2685 1132 2721 cf.
1152 2683 1323 2720 Loewii
1349 2683 1476 2718 Prodr.
1503 2694 1539 2727 p.
1564 2685 1640 2717 170.
1663 2684 1749 2723 2063
1779 2679 1938 2714 alterum

185 2748 432 2795 apographon
458 2747 628 2784 continet
653 2747 733 2783 cod.
760 2745 1027 2782 Ruhnkenii
1054 2750 1097 2781 53
1126 2744 1231 2791 (Geel
1255 2745 1352 2791 189);
1380 2741 1616 2787 marginibus
1643 2739 1790 2784 aliquot
1816 2749 1937 2774 emen-

185 2809 357 2844 dationes
390 2806 651 2843 Ruhnkenii
683 2810 722 2842 013
753 2805 1057 2842 Valckenarii
1089 2804 1302 2850 adscriptae
1336 2804 1434 2838 sunt.
1484 2801 1713 2845 Excerpta
1746 2799 1875 2834 insunt
1899 2797 1939 2832 in

185 2869 264 2905 cod.
298 2866 601 2903 Perizoniano
641 2868 763 2912 quart.
802 2866 945 2901 formae
980 2870 1024 2900 49
1059 2864 1165 2908 (Geel
1196 2866 1281 2908 230)
1314 2875 1349 2908 p.
1384 2865 1584 2897 273—281.
1611 2880 1658 2885 —
1683 2857 1939 2903 Apographon

185 2928 388 2965 earundem
419 2926 631 2973 glossarum
661 2925 841 2973 Bigotii
873 2936 1020 2970 quoque
1055 2924 1152 2959 liber
1187 2922 1357 2958 continet
1388 2920 1559 2966 quidam,
1591 2919 1627 2954 h.
1656 2929 1687 2953 e.
1714 2917 1794 2953 cod.
1821 2916 1936 2951 Paris.

186 2988 307 3034 suppl.
339 2999 394 3032 gr.
422 2990 490 3022 836
521 2987 561 3021 in
585 2986 649 3022 fol.
677 2989 836 3030 21—40‚
869 2984 935 3019 ubi
965 2985 1063 3020 teste
1097 2982 1269 3027 catalogo
1305 2979 1438 3015 ‘Iulii
1464 2977 1676 3014 Pollucis
1708 2976 1936 3020 interpre-

185 3047 406 3083 tamenta’
440 3046 630 3091 leguntur.
680 3044 841 3080 Adiecta
874 3045 962 3079 sunt
992 3044 1030 3078 in
1058 3042 1121 3078 fol.
1148 3044 1288 3077 40-41
1317 3038 1572 3084 quadraginta
1598 3037 1761 3082 quinque
1788 3034 1936 3080 glossae

186 3107 483 3152 latino-graecae
522 3117 566 3140 ex
600 3104 721 3140 lexico
755 3104 917 3149 quodam
950 3104 1165 3147 excerptae,
1199 3111 1356 3145 quarum
1388 3099 1511 3144 prima
1543 3099 1601 3133 est
1626 3099 1806 3139 κυβευτη(
1831 3094 1936 3128 stlac-

187 3168 318 3211 tarius,-
344 3165 480 3200 ulfima
504 3168 615 3208 λογοε
638 3166 800 3201 uerbum.
