2164 3470
959 183 1234 221 PRAEFATIO
1888 184 1973 219 XIX

215 309 365 338 eorum
415 311 522 352 quos
573 296 754 337 tractavi
806 295 967 337 librum
1018 294 1207 338 revocari
1259 296 1403 349 potest
1454 308 1592 348 neque
1639 308 1815 348 prorsus
1861 297 1975 335 caret

213 367 473 410 lectionibus
507 382 614 422 quae
648 367 735 408 illis
766 371 1000 422 praestant,
1034 370 1178 409 tamen
1205 381 1302 408 cum
1328 365 1471 407 minus
1499 365 1729 421 diligenter
1756 365 1976 407 confectus

214 439 271 480 sit
304 442 346 480 et
378 439 515 480 multa
548 438 756 480 vocabula
782 454 958 493 prorsus
985 439 1240 495 neglexerit,
1273 437 1417 480 omitti
1443 437 1599 493 potuit,
1632 437 1677 478 in
1704 437 1764 478 eis
1791 437 1976 478 maxime

215 510 428 566 capitulis,
461 525 645 565 quorum
674 509 907 565 praecipua
939 511 1119 552 materia
1151 511 1281 552 toties
1314 511 1359 552 in
1391 509 1487 552 aliis
1513 509 1837 551 recensionibus
1863 509 1977 550 exhi—

216 583 380 624 beatur.
444 581 506 624 Cf.
541 596 649 636 quae
682 581 733 622 de
766 581 848 623 hoc
879 581 992 623 libro
1025 582 1442 624 Krumbacherus
1474 582 1500 623 1.
1534 597 1564 623 s.
1600 597 1628 623 s.
1657 580 1867 636 exposuit.

334 654 570 696 Alterum
621 653 855 695 eorundem
905 653 1290 695 hermeneumaton
1341 654 1530 696 codicem
1574 654 1619 695 in
1663 652 1978 695 monasterio

216 725 281 767 St.
317 725 496 768 Crucis
528 725 758 767 Austriaco
797 725 963 767 invenit
994 725 1256 767 Arthurus
1289 726 1588 779 Goldmann,
1627 740 1807 767 numero
1841 724 1979 781 signa-

216 801 311 840 tum
352 800 404 840 17
451 802 494 839 et
539 797 838 839 duodecimo
878 798 1082 839 saeculo
1123 798 1342 852 scriptum.
1406 797 1771 839 Hermeneumata
1810 799 1981 838 exstant

218 870 262 911 in
294 870 366 911 fol.
397 872 573 912 11—22s
605 870 659 911 ab
692 869 818 911 initio
852 868 905 909 ad
930 869 1053 910 haec:
1087 869 1415 923 Ceeleonspanon
1441 873 1478 910 ct
1503 870 1711 924 oleuspan,
1741 868 1979 923 Conyz'loton

216 941 433 996 Rapatum
460 941 520 999 (h.
543 957 576 983 e.
596 958 636 997 p.
659 942 759 995 218,
780 942 854 995 553
876 938 964 996 56).
1016 940 1055 981 A
1082 940 1154 981 fol.
1183 941 1255 982 231
1282 940 1335 981 acl
1362 941 1465 982 275Γ
1492 940 1751 981 exhibentur
1778 941 1982 997 glossae

218 1013 472 1056 Salomonis.
534 1014 603 1055 Ex
649 1013 710 1055 eis
748 1012 945 1068 partibus
984 1027 1090 1067 quas
1128 1011 1354 1067 descripsit
1394 1011 1741 1054 Goldmannus
1784 1012 1982 1067 perspexi

219 1086 408 1128 codicem
434 1089 523 1127 tam
550 1101 682 1141 prope
709 1085 763 1126 ad
782 1085 1086 1126 Monacensem
1111 1085 1183 1126 lat.
1206 1086 1348 1126 ’22201
1381 1084 1593 1139 accedere,
1620 1087 1667 1125 ut
1694 1085 1747 1125 ab
1775 1088 1982 1140 apparatu

218 1158 411 1213 potuerit
443 1158 623 1200 excludi.

339 1230 569 1272 Tertium
597 1230 816 1285 exemplar
841 1229 975 1271 codex
1002 1229 1178 1271 exhibet
1202 1227 1580 1283 Neapolitanus
1608 1244 1787 1285 graecus
1808 1227 1848 1270 II
1867 1223 1906 1269 D
1929 1230 1984 1270 δι’)

220 1302 472 1344 chartaceus
493 1302 651 1344 saeculi
667 1301 884 1357 XWXVI,
905 1317 1031 1357 quem
1046 1301 1264 1344 Vseneri
1287 1301 1500 1356 excerptis
1521 1300 1728 1342 adhibitis
1743 1300 1984 1342 Schoene-

221 1389 432 1416 mannus
457 1374 659 1416 tractavit
680 1373 768 1431 (³de
795 1373 1113 1430 lexicographis
1140 1373 1330 1428 antiquis
1357 1373 1430 1428 qui
1457 1389 1602 1415 rerum
1629 1373 1824 1415 ordinem
1850 1372 1986 1414 secuti

221 1449 323 1488 sunt
359 1446 634 1502 quaestiones
665 1446 1015 1501 praecursoriae'.
1080 1447 1140 1488 ed.
1168 1446 1344 1488 Bonnae
1378 1460 1412 1485 a.
1443 1444 1578 1501 1886)
1604 1462 1643 1501 p.
1673 1448 1724 1488 11
1749 1460 1858 1500 sqq,
1889 1446 1987 1499 post

222 1518 505 1561 Vsenerum
544 1522 690 1560 autem
729 1518 868 1560 denuo
891 1518 1092 1574 ⁵inspexit
1125 1518 1560 1561 Gundermannus.
1626 1517 1770 1559 Codex
1803 1519 1868 1559 est
1901 1517 1988 1558 :240

221 1589 443 1645 foliorum,
488 1605 672 1646 quorum
718 1590 870 1632 ultima
916 1595 1080 1647 septem
1125 1606 1258 1633 vacua
1303 1590 1453 1631 relicta
1498 1593 1609 1631 sunt.
1673 1589 1826 1631 Insunt
1867 1586 1912 1643 1)
1945 1587 1989 1628 in

222 1662 294 1704 fol.
325 1664 468 1705 1-28
496 1663 614 1704 varia
641 1662 959 1705 collectanea
986 1663 1281 1720 grammatica,
1312 1662 1471 1717 partim
1497 1661 1745 1717 capitulis
1773 1660 1989 1714 discripta,

222 1734 382 1790 partim
421 1735 473 1776 ad
513 1739 650 1777 certas
689 1736 997 1791 grammaticae
1036 1739 1198 1790 partes,
1243 1734 1361 1775 velut
1401 1733 1453 1774 ad
1491 1733 1853 1788 praepositiones,
1894 1746 1990 1773 con-

226 1806 481 1861 iunctiones,
513 1806 727 1861 adverbia,
761 1806 1070 1849 declinationes
1097 1805 1353 1862 spectantia3
1386 1805 1577 1846 admixta
1611 1809 1712 1847 sunt
1739 1803 1991 1858 christiana3

224 1877 272 1934 2)
306 1879 351 1920 in
383 1878 454 1920 fol.
483 1880 698 1921 3Ts—43u
731 1878 1045 1933 colloquium
1081 1877 1424 1934 graecolatinum
1457 1876 1518 1933 (h.
1546 1892 1579 1918 e.
1606 1877 1989 1918 hermeneumaton

225 1950 639 1993 Einsidlensium
658 1967 697 2006 p.
720 1949 992 2006 :RQ—235),
1019 1950 1069 1991 de
1097 1965 1181 2005 quo
1210 1949 1321 1990 infra
1348 1951 1518 2005 agetur3
1546 1946 1593 2004 3)
1620 1949 1665 1990 in
1684 1949 1756 1991 fol.
1778 1949 1993 1991 441—5012

226 2023 454 2079 capitula
493 2022 641 2064 eadem
680 2037 788 2077 quae
828 2024 929 2063 sunt
968 2021 1011 2062 in
1051 2021 1194 2063 codice
1227 2015 1553 2062 Einsidlensi
1593 2036 1667 2063 sex
1699 2021 1843 2076 priora
1874 2035 1992 2076 prae-

227 2095 359 2137 misso
409 2094 548 2136 indice
592 2093 690 2136 LIX
738 2092 1027 2149 capitulorum
1071 2092 1264 2150 (omissis
1310 2092 1444 2148 igitur
1488 2092 1629 2135 tribus
1676 2093 1842 2135 ultimis
1887 2092 1994 2134 chri-

229 2165 419 2224 stianis);
457 2165 505 2223 4)
538 2166 583 2208 in
614 2165 687 2207 fol.
715 2166 931 2208 51¹·-8111
962 2165 1166 2207 lexicon
1199 2164 1542 2221 graecolatinum
1574 2165 1708 2223 (Αρχη
1733 2167 1995 2221 principium

231 2253 391 2292 ατομοε
421 2239 687 2291 indiuiduus‘,
720 2253 903 2290 αρχομαι
936 2239 1105 2292 incipio,
1139 2241 1315 2291 αλωπηξ
1348 2238 1504 2292 uulpes,
1538 2253 1682 2281 ακουω
1714 2239 1859 2290 audio,
1895 2252 1994 2280 ακο-

229 2314 374 2354 λουθω
419 2325 565 2365 sequor
597 2344 604 2353 .
632 2344 640 2352 .
669 2344 677 2351 .
710 2324 868 2362 ωριμο(
912 2314 1105 2352 maturus
1150 2324 1295 2361 ωμοεα
1339 2311 1502 2361 iuraui,
1547 2324 1739 2352 ωκεανο(
1784 2307 1996 2366 0686112113),

227 2381 275 2440 5)
307 2383 352 2425 in
390 2383 462 2426 fol.
496 2384 735 2427 83f--IQOr
778 2381 949 2423 lexicon
993 2381 1336 2439 latinograecum
1381 2382 1512 2423 verba
1556 2385 1726 2424 tantum
1772 2382 1997 2425 continens

229 2454 429 2513 (Absum,
473 2456 672 2498 Abstineo
700 2489 707 2496 .
729 2489 736 2496 .
761 2488 768 2496 .
798 2455 921 2505 Voco,
968 2452 1134 2510 Vmeo),
1180 2453 1226 2510 6)
1273 2454 1317 2495 in
1362 2453 1435 2495 fol,
1478 2456 1751 2497 121Υ-16Ἷιι
1794 2454 1998 2496 lexicon

229 2527 643 2583 latinograecum
674 2525 850 2568 nomina
882 2525 1126 2580 continens,
1161 2524 1206 2581 7)
1239 2525 1284 2566 in
1311 2525 1383 2567 fol.
1414 2527 1497 2567 169
1530 2526 1815 2568 numeralia
1847 2540 1998 2583 graece

233 2602 276 2641 et
313 2599 464 2654 latine3
509 2597 556 2655 8)
587 2598 634 2640 in
670 2597 743 2640 fol.
774 2599 1040 2640 Hir—233¹·
1076 2597 1305 2653 capitula
1343 2597 1798 2640 hermeneumaton
1835 2598 1999 2640 Mona-

234 2670 461 2714 censium
505 2670 702 2726 quamvis
746 2685 834 2712 non
879 2669 1051 2726 integra
1096 2672 1138 2711 et
1176 2672 1427 2712 retractata:
1473 2669 1516 2711 id
1554 2670 1669 2725 quod
1706 2670 1871 2725 primus
1908 2685 1999 2726 per-

235 2743 376 2800 spexit
421 2742 869 2785 Schoenemannus
903 2742 930 2783 l.
964 2758 994 2784 s.
1029 2758 1059 2784 s.
1092 2759 1131 2798 p.
1166 2743 1234 2784 34.
1298 2741 1497 2796 Namque
1541 2741 1607 2783 vir
1652 2742 1803 2783 doctus
1848 2741 1999 2783 decimi

235 2814 378 2872 quinti
404 2814 472 2856 vel
498 2814 609 2856 sexti
636 2813 796 2856 saeculi
822 2829 977 2870 graeca
1003 2813 1170 2871 graecis
1195 2814 1354 2856 litteris
1382 2813 1654 2869 transcripsit
1675 2817 1718 2855 et
1738 2816 1827 2855 tam
1848 2828 1999 2870 graeca

236 2902 365 2943 quam
392 2886 527 2928 latina
554 2901 631 2928 suo
658 2886 796 2928 fretus
822 2885 997 2942 ingenio
1025 2886 1222 2928 correxit.
1274 2885 1397 2936 Quod
1424 2900 1521 2927 cum
1547 2885 1609 2926 ita
1635 2885 1704 2940 sit,
1729 2901 1868 2941 neque
1892 2885 2000 2941 capi—

235 2959 428 3002 tulorum
460 2957 645 3000 indicem
675 2973 814 3014 neque
847 2958 1037 3013 capitula
1069 2973 1176 3014 quae
1204 2957 1651 3000 Schoenemannus
1685 2957 1861 2999 exhibet
1886 2972 2000 3012 repe-

237 3020 501 3074 tere'visum
533 3032 609 3072 est.
661 3029 794 3072 Cuius
826 3030 1008 3073 interest
1040 3029 1305 3072 accuratiora
1337 3044 1463 3071 nosse
1493 3027 1611 3070 illius
1636 3027 1834 3070 libellum
1861 3029 2000 3070 adeat:

239 3103 292 3145 ad
342 3102 687 3145 emendationem
736 3102 1123 3145 hermeneumaton
1173 3100 1498 3144 Monacensium
1548 3100 1659 3142 hanc
1708 3100 2000 3142 recensionem

239 3175 436 3217 adhiberi
467 3189 555 3217 non
587 3188 713 3228 posse
746 3173 854 3218 mihi
886 3188 1140 3229 persuasum
1173 3176 1259 3215 est:

1666 3242 1718 3276 b*
