<?xml version="1.0" encoding="UTF-8"?>
<!DOCTYPE html PUBLIC "-//W3C//DTD XHTML 1.0 Transitional//EN"
    "http://www.w3.org/TR/xhtml1/DTD/xhtml1-transitional.dtd">
<html xmlns="http://www.w3.org/1999/xhtml" xml:lang="en" lang="en">
 <head>
  <title>
</title>
<meta http-equiv="Content-Type" content="text/html;charset=utf-8" />
  <meta name='ocr-system' content='tesseract 3.04.00' />
  <meta name='ocr-capabilities' content='ocr_page ocr_carea ocr_par ocr_line ocrx_word'/>
</head>
<body>
  <div class='ocr_page' id='page_1' title='image "./corpusglossarior03linduoft_0040.png"; bbox 0 0 2164 3470; ppageno 0'>
   <div class='ocr_carea' id='block_1_1' title="bbox 222 174 1236 214">
    <p class='ocr_par' dir='ltr' id='par_1_1' title="bbox 222 174 1236 214">
     <span class='ocr_line' id='line_1_1' title="bbox 222 174 1236 214; baseline -0.003 -1"><span class='ocrx_word' id='word_1_1' title='bbox 222 174 377 214; x_wconf 85' lang='lat' dir='ltr'><strong>XXXIV</strong></span> <span class='ocrx_word' id='word_1_2' title='bbox 960 174 1236 211; x_wconf 83' lang='lat' dir='ltr'><strong>PRAEFATIO</strong></span> 
     </span>
    </p>
   </div>
   <div class='ocr_carea' id='block_1_2' title="bbox 190 285 1978 1851">
    <p class='ocr_par' dir='ltr' id='par_1_2' title="bbox 190 285 1978 846">
     <span class='ocr_line' id='line_1_2' title="bbox 223 285 1978 344; baseline -0.002 -14"><span class='ocrx_word' id='word_1_3' title='bbox 223 289 303 330; x_wconf 89' lang='lat' dir='ltr'>hac</span> <span class='ocrx_word' id='word_1_4' title='bbox 336 288 443 330; x_wconf 85' lang='lat' dir='ltr'>serie</span> <span class='ocrx_word' id='word_1_5' title='bbox 477 302 726 344; x_wconf 76' lang='lat' dir='ltr'>cognosces:</span> <span class='ocrx_word' id='word_1_6' title='bbox 765 287 1052 341; x_wconf 74' lang='lat' dir='ltr'>acceptabulon</span> <span class='ocrx_word' id='word_1_7' title='bbox 1083 286 1187 328; x_wconf 74' lang='lat' dir='ltr'>idest</span> <span class='ocrx_word' id='word_1_8' title='bbox 1215 285 1409 339; x_wconf 73' lang='lat' dir='ltr'>scarphia</span> <span class='ocrx_word' id='word_1_9' title='bbox 1439 286 1488 328; x_wconf 81' lang='lat' dir='ltr'>de</span> <span class='ocrx_word' id='word_1_10' title='bbox 1518 299 1612 339; x_wconf 81' lang='lat' dir='ltr'>ouo,</span> <span class='ocrx_word' id='word_1_11' title='bbox 1644 299 1845 328; x_wconf 77' lang='lat' dir='ltr'>aoenuum</span> <span class='ocrx_word' id='word_1_12' title='bbox 1875 286 1978 327; x_wconf 73' lang='lat' dir='ltr'>idest</span> 
     </span>
     <span class='ocr_line' id='line_1_3' title="bbox 222 357 1976 415; baseline -0.003 -12"><span class='ocrx_word' id='word_1_13' title='bbox 222 362 359 403; x_wconf 74' lang='lat' dir='ltr'>acrior</span> <span class='ocrx_word' id='word_1_14' title='bbox 389 364 509 415; x_wconf 76' lang='lat' dir='ltr'>aceto,</span> <span class='ocrx_word' id='word_1_15' title='bbox 540 361 704 402; x_wconf 77' lang='lat' dir='ltr'>acdeuis</span> <span class='ocrx_word' id='word_1_16' title='bbox 734 360 837 401; x_wconf 75' lang='lat' dir='ltr'>idest</span> <span class='ocrx_word' id='word_1_17' title='bbox 867 359 990 400; x_wconf 76' lang='lat' dir='ltr'>ortice</span> <span class='ocrx_word' id='word_1_18' title='bbox 1017 371 1164 413; x_wconf 79' lang='lat' dir='ltr'>semen,</span> <span class='ocrx_word' id='word_1_19' title='bbox 1196 357 1374 400; x_wconf 74' lang='lat' dir='ltr'>accitula</span> <span class='ocrx_word' id='word_1_20' title='bbox 1399 358 1501 399; x_wconf 71' lang='lat' dir='ltr'>idest</span> <span class='ocrx_word' id='word_1_21' title='bbox 1525 357 1699 412; x_wconf 75' lang='lat' dir='ltr'>hramse,</span> <span class='ocrx_word' id='word_1_22' title='bbox 1731 357 1976 399; x_wconf 73' lang='lat' dir='ltr'>accitellium</span> 
     </span>
     <span class='ocr_line' id='line_1_4' title="bbox 190 428 1977 485; baseline -0.003 -10"><span class='ocrx_word' id='word_1_23' title='bbox 190 444 192 446; x_wconf 87' lang='grc'><em>·</em></span> <span class='ocrx_word' id='word_1_24' title='bbox 222 433 324 475; x_wconf 76' lang='lat' dir='ltr'>idest</span> <span class='ocrx_word' id='word_1_25' title='bbox 348 446 530 474; x_wconf 80' lang='lat' dir='ltr'>romsam</span> <span class='ocrx_word' id='word_1_26' title='bbox 556 431 670 485; x_wconf 65' lang='lat' dir='ltr'>crofi,</span> <span class='ocrx_word' id='word_1_27' title='bbox 695 430 946 472; x_wconf 73' lang='lat' dir='ltr'>accitullium</span> <span class='ocrx_word' id='word_1_28' title='bbox 972 430 1076 471; x_wconf 74' lang='lat' dir='ltr'>idest</span> <span class='ocrx_word' id='word_1_29' title='bbox 1096 429 1262 483; x_wconf 74' lang='lat' dir='ltr'>yeaches</span> <span class='ocrx_word' id='word_1_30' title='bbox 1286 442 1400 484; x_wconf 76' lang='lat' dir='ltr'>sura,</span> <span class='ocrx_word' id='word_1_31' title='bbox 1426 430 1594 471; x_wconf 68' lang='lat' dir='ltr'>acinum</span> <span class='ocrx_word' id='word_1_32' title='bbox 1614 430 1717 471; x_wconf 73' lang='lat' dir='ltr'>idest</span> <span class='ocrx_word' id='word_1_33' title='bbox 1737 428 1977 482; x_wconf 70' lang='lat' dir='ltr'>hindberye:</span> 
     </span>
     <span class='ocr_line' id='line_1_5' title="bbox 223 499 1976 559; baseline -0.003 -14"><span class='ocrx_word' id='word_1_34' title='bbox 223 519 275 545; x_wconf 91' lang='lat' dir='ltr'>ex</span> <span class='ocrx_word' id='word_1_35' title='bbox 308 504 463 559; x_wconf 68' lang='lat' dir='ltr'>quibus</span> <span class='ocrx_word' id='word_1_36' title='bbox 495 506 584 544; x_wconf 90' lang='lat' dir='ltr'>tres</span> <span class='ocrx_word' id='word_1_37' title='bbox 607 501 771 557; x_wconf 82' lang='lat' dir='ltr'>priores</span> <span class='ocrx_word' id='word_1_38' title='bbox 804 515 855 541; x_wconf 87' lang='lat' dir='ltr'>ex</span> <span class='ocrx_word' id='word_1_39' title='bbox 888 515 937 541; x_wconf 92' lang='lat' dir='ltr'>eo</span> <span class='ocrx_word' id='word_1_40' title='bbox 970 500 1085 555; x_wconf 91' lang='lat' dir='ltr'>quod</span> <span class='ocrx_word' id='word_1_41' title='bbox 1117 503 1351 541; x_wconf 88' lang='lat' dir='ltr'>tractamus</span> <span class='ocrx_word' id='word_1_42' title='bbox 1385 499 1595 555; x_wconf 91' lang='lat' dir='ltr'>glossario</span> <span class='ocrx_word' id='word_1_43' title='bbox 1629 502 1850 555; x_wconf 87' lang='lat' dir='ltr'>excerptas</span> <span class='ocrx_word' id='word_1_44' title='bbox 1884 513 1976 540; x_wconf 91' lang='lat' dir='ltr'>esse</span> 
     </span>
     <span class='ocr_line' id='line_1_6' title="bbox 222 571 1976 629; baseline -0.003 -12"><span class='ocrx_word' id='word_1_45' title='bbox 222 575 456 617; x_wconf 87' lang='lat' dir='ltr'>secundum</span> <span class='ocrx_word' id='word_1_46' title='bbox 501 574 693 616; x_wconf 82' lang='lat' dir='ltr'>ordinem</span> <span class='ocrx_word' id='word_1_47' title='bbox 732 571 819 629; x_wconf 77' lang='lat' dir='ltr'>(ac)</span> <span class='ocrx_word' id='word_1_48' title='bbox 863 571 988 613; x_wconf 85' lang='lat' dir='ltr'>facile</span> <span class='ocrx_word' id='word_1_49' title='bbox 1034 574 1228 627; x_wconf 88' lang='lat' dir='ltr'>apparet,</span> <span class='ocrx_word' id='word_1_50' title='bbox 1270 571 1532 626; x_wconf 88' lang='lat' dir='ltr'>posteriores</span> <span class='ocrx_word' id='word_1_51' title='bbox 1577 575 1782 627; x_wconf 88' lang='lat' dir='ltr'>quattuor</span> <span class='ocrx_word' id='word_1_52' title='bbox 1827 571 1976 613; x_wconf 89' lang='lat' dir='ltr'>eodem</span> 
     </span>
     <span class='ocr_line' id='line_1_7' title="bbox 223 642 1976 700; baseline -0.003 -11"><span class='ocrx_word' id='word_1_53' title='bbox 223 647 369 689; x_wconf 86' lang='lat' dir='ltr'>ordine</span> <span class='ocrx_word' id='word_1_54' title='bbox 403 647 448 688; x_wconf 89' lang='grc'>111</span> <span class='ocrx_word' id='word_1_55' title='bbox 475 643 819 700; x_wconf 84' lang='lat' dir='ltr'>Cantabrigiensi</span> <span class='ocrx_word' id='word_1_56' title='bbox 852 646 1020 685; x_wconf 83' lang='lat' dir='ltr'>exstant</span> <span class='ocrx_word' id='word_1_57' title='bbox 1053 643 1111 700; x_wconf 90' lang='lat' dir='ltr'>(p.</span> <span class='ocrx_word' id='word_1_58' title='bbox 1142 644 1207 698; x_wconf 86' lang='lat'>10,</span> <span class='ocrx_word' id='word_1_59' title='bbox 1237 642 1501 700; x_wconf 73' lang='lat'>129—132).</span> <span class='ocrx_word' id='word_1_60' title='bbox 1554 642 1684 685; x_wconf 90' lang='lat' dir='ltr'>Cuius</span> <span class='ocrx_word' id='word_1_61' title='bbox 1716 643 1778 685; x_wconf 91' lang='lat' dir='ltr'>rei</span> <span class='ocrx_word' id='word_1_62' title='bbox 1809 642 1976 684; x_wconf 87' lang='lat' dir='ltr'>ratione</span> 
     </span>
     <span class='ocr_line' id='line_1_8' title="bbox 221 713 1976 774; baseline -0.003 -14"><span class='ocrx_word' id='word_1_63' title='bbox 221 721 443 774; x_wconf 87' lang='lat' dir='ltr'>perspecta</span> <span class='ocrx_word' id='word_1_64' title='bbox 480 718 586 758; x_wconf 90' lang='lat' dir='ltr'>haec</span> <span class='ocrx_word' id='word_1_65' title='bbox 624 716 884 758; x_wconf 84' lang='lat' dir='ltr'>collectanea</span> <span class='ocrx_word' id='word_1_66' title='bbox 917 715 1178 757; x_wconf 86' lang='lat' dir='ltr'>excludenda</span> <span class='ocrx_word' id='word_1_67' title='bbox 1212 729 1303 756; x_wconf 89' lang='lat' dir='ltr'>esse</span> <span class='ocrx_word' id='word_1_68' title='bbox 1336 714 1495 769; x_wconf 85' lang='lat' dir='ltr'>putavi.</span> <span class='ocrx_word' id='word_1_69' title='bbox 1555 714 1742 757; x_wconf 89' lang='lat' dir='ltr'>Litteras</span> <span class='ocrx_word' id='word_1_70' title='bbox 1773 714 1831 770; x_wconf 91' lang='lat' dir='ltr'>A,</span> <span class='ocrx_word' id='word_1_71' title='bbox 1857 714 1910 769; x_wconf 82' lang='lat' dir='ltr'>B,</span> <span class='ocrx_word' id='word_1_72' title='bbox 1936 713 1976 755; x_wconf 88' lang='lat' dir='ltr'>R</span> 
     </span>
     <span class='ocr_line' id='line_1_9' title="bbox 221 785 1615 846; baseline -0.003 -15"><span class='ocrx_word' id='word_1_73' title='bbox 221 805 314 831; x_wconf 91' lang='lat' dir='ltr'>meo</span> <span class='ocrx_word' id='word_1_74' title='bbox 347 792 502 846; x_wconf 88' lang='lat' dir='ltr'>rogatu</span> <span class='ocrx_word' id='word_1_75' title='bbox 533 787 804 843; x_wconf 73' lang='lat' dir='ltr'>transcripsit</span> <span class='ocrx_word' id='word_1_76' title='bbox 838 786 1091 843; x_wconf 80' lang='lat' dir='ltr'>Georgius</span> <span class='ocrx_word' id='word_1_77' title='bbox 1123 786 1318 827; x_wconf 85' lang='lat' dir='ltr'>Parker</span> <span class='ocrx_word' id='word_1_78' title='bbox 1350 785 1615 828; x_wconf 88' lang='lat' dir='ltr'>Oxoniensis.</span> 
     </span>
    </p>

    <p class='ocr_par' dir='ltr' id='par_1_3' title="bbox 218 857 1976 1202">
     <span class='ocr_line' id='line_1_10' title="bbox 340 857 1976 916; baseline -0.002 -14"><span class='ocrx_word' id='word_1_79' title='bbox 340 861 585 911; x_wconf 83' lang='lat' dir='ltr'>Quartum</span> <span class='ocrx_word' id='word_1_80' title='bbox 617 858 928 916; x_wconf 82' lang='lat' dir='ltr'>glossarium</span> <span class='ocrx_word' id='word_1_81' title='bbox 959 858 1074 913; x_wconf 90' lang='lat' dir='ltr'>quod</span> <span class='ocrx_word' id='word_1_82' title='bbox 1100 858 1242 899; x_wconf 77' lang='lat' dir='ltr'>indole</span> <span class='ocrx_word' id='word_1_83' title='bbox 1270 861 1313 899; x_wconf 91' lang='lat' dir='ltr'>et</span> <span class='ocrx_word' id='word_1_84' title='bbox 1338 857 1516 899; x_wconf 89' lang='lat' dir='ltr'>materie</span> <span class='ocrx_word' id='word_1_85' title='bbox 1543 873 1567 898; x_wconf 92' lang='lat' dir='ltr'>a</span> <span class='ocrx_word' id='word_1_86' title='bbox 1593 857 1733 900; x_wconf 89' lang='lat' dir='ltr'>tribus</span> <span class='ocrx_word' id='word_1_87' title='bbox 1758 857 1976 913; x_wconf 88' lang='lat' dir='ltr'>prioribus</span> 
     </span>
     <span class='ocr_line' id='line_1_11' title="bbox 222 929 1975 985; baseline -0.002 -11"><span class='ocrx_word' id='word_1_88' title='bbox 222 934 364 975; x_wconf 84' lang='lat' dir='ltr'>differt</span> <span class='ocrx_word' id='word_1_89' title='bbox 396 933 441 974; x_wconf 90' lang='lat' dir='ltr'>in</span> <span class='ocrx_word' id='word_1_90' title='bbox 474 932 623 973; x_wconf 90' lang='lat' dir='ltr'>eodem</span> <span class='ocrx_word' id='word_1_91' title='bbox 656 931 800 973; x_wconf 89' lang='lat' dir='ltr'>codice</span> <span class='ocrx_word' id='word_1_92' title='bbox 833 930 1081 972; x_wconf 90' lang='lat' dir='ltr'>Bernensi</span> <span class='ocrx_word' id='word_1_93' title='bbox 1121 932 1262 971; x_wconf 82' lang='lat' dir='ltr'>exstat</span> <span class='ocrx_word' id='word_1_94' title='bbox 1299 944 1428 984; x_wconf 87' lang='lat' dir='ltr'>quem</span> <span class='ocrx_word' id='word_1_95' title='bbox 1467 945 1595 985; x_wconf 90' lang='lat' dir='ltr'>supra</span> <span class='ocrx_word' id='word_1_96' title='bbox 1627 929 1975 972; x_wconf 85' lang='lat' dir='ltr'>commemoravi:</span> 
     </span>
     <span class='ocr_line' id='line_1_12' title="bbox 220 1000 1974 1060; baseline -0.003 -14"><span class='ocrx_word' id='word_1_97' title='bbox 220 1006 330 1046; x_wconf 92' lang='lat' dir='ltr'>unde</span> <span class='ocrx_word' id='word_1_98' title='bbox 368 1019 554 1060; x_wconf 89' lang='lat' dir='ltr'>paucas</span> <span class='ocrx_word' id='word_1_99' title='bbox 588 1017 770 1058; x_wconf 86' lang='lat' dir='ltr'>easque</span> <span class='ocrx_word' id='word_1_100' title='bbox 802 1001 1035 1057; x_wconf 86' lang='lat' dir='ltr'>potiores</span> <span class='ocrx_word' id='word_1_101' title='bbox 1067 1000 1340 1055; x_wconf 84' lang='lat' dir='ltr'>lectioneS,</span> <span class='ocrx_word' id='word_1_102' title='bbox 1378 1000 1769 1056; x_wconf 81' lang='lat' dir='ltr'>haudquaquam</span> <span class='ocrx_word' id='word_1_103' title='bbox 1803 1015 1974 1042; x_wconf 90' lang='lat' dir='ltr'>omnes</span> 
     </span>
     <span class='ocr_line' id='line_1_13' title="bbox 220 1071 1974 1132; baseline -0.003 -14"><span class='ocrx_word' id='word_1_104' title='bbox 220 1076 443 1132; x_wconf 89' lang='lat' dir='ltr'>apparatui</span> <span class='ocrx_word' id='word_1_105' title='bbox 477 1074 647 1117; x_wconf 86' lang='lat' dir='ltr'>inserui.</span> <span class='ocrx_word' id='word_1_106' title='bbox 712 1073 933 1123; x_wconf 82' lang='lat' dir='ltr'>Quomodo</span> <span class='ocrx_word' id='word_1_107' title='bbox 967 1073 1192 1115; x_wconf 88' lang='lat' dir='ltr'>cohaereat</span> <span class='ocrx_word' id='word_1_108' title='bbox 1224 1087 1320 1113; x_wconf 89' lang='lat' dir='ltr'>cum</span> <span class='ocrx_word' id='word_1_109' title='bbox 1355 1071 1593 1114; x_wconf 87' lang='lat' dir='ltr'>Oribasio</span> <span class='ocrx_word' id='word_1_110' title='bbox 1625 1072 1760 1114; x_wconf 86' lang='lat' dir='ltr'>latino</span> <span class='ocrx_word' id='word_1_111' title='bbox 1793 1071 1974 1127; x_wconf 90' lang='lat' dir='ltr'>aliisque</span> 
     </span>
     <span class='ocr_line' id='line_1_14' title="bbox 218 1145 867 1202; baseline -0.008 -12"><span class='ocrx_word' id='word_1_112' title='bbox 218 1148 342 1190; x_wconf 89' lang='lat' dir='ltr'>libris</span> <span class='ocrx_word' id='word_1_113' title='bbox 373 1163 486 1190; x_wconf 87' lang='lat' dir='ltr'>nunc</span> <span class='ocrx_word' id='word_1_114' title='bbox 519 1160 722 1202; x_wconf 90' lang='lat' dir='ltr'>quaerere</span> <span class='ocrx_word' id='word_1_115' title='bbox 754 1145 867 1186; x_wconf 90' lang='grc'>11010.</span> 
     </span>
    </p>

    <p class='ocr_par' dir='ltr' id='par_1_4' title="bbox 218 1214 1975 1485">
     <span class='ocr_line' id='line_1_15' title="bbox 339 1214 1973 1270; baseline -0.004 -9"><span class='ocrx_word' id='word_1_116' title='bbox 339 1215 1017 1261; x_wconf 80' lang='lat' dir='ltr'>GlossariolumParisinum</span> <span class='ocrx_word' id='word_1_117' title='bbox 1038 1215 1152 1270; x_wconf 91' lang='lat' dir='ltr'>quod</span> <span class='ocrx_word' id='word_1_118' title='bbox 1172 1214 1334 1256; x_wconf 86' lang='lat' dir='ltr'>subieci</span> <span class='ocrx_word' id='word_1_119' title='bbox 1355 1214 1480 1256; x_wconf 86' lang='lat' dir='ltr'>fluxit</span> <span class='ocrx_word' id='word_1_120' title='bbox 1501 1230 1553 1256; x_wconf 90' lang='lat' dir='ltr'>ex</span> <span class='ocrx_word' id='word_1_121' title='bbox 1576 1215 1719 1257; x_wconf 92' lang='lat' dir='ltr'>codice</span> <span class='ocrx_word' id='word_1_122' title='bbox 1733 1214 1973 1256; x_wconf 88' lang='lat' dir='ltr'>Parisino</span> 
     </span>
     <span class='ocr_line' id='line_1_16' title="bbox 218 1285 1975 1347; baseline -0.003 -14"><span class='ocrx_word' id='word_1_123' title='bbox 218 1291 289 1333; x_wconf 90' lang='lat' dir='ltr'>lat.</span> <span class='ocrx_word' id='word_1_124' title='bbox 332 1292 474 1333; x_wconf 79' lang='grc'>11218</span> <span class='ocrx_word' id='word_1_125' title='bbox 520 1289 677 1347; x_wconf 78' lang='lat' dir='ltr'>(suppl.</span> <span class='ocrx_word' id='word_1_126' title='bbox 721 1288 793 1329; x_wconf 90' lang='lat' dir='ltr'>lat.</span> <span class='ocrx_word' id='word_1_127' title='bbox 834 1287 940 1343; x_wconf 71' lang='lat'>212)</span> <span class='ocrx_word' id='word_1_128' title='bbox 986 1286 1143 1329; x_wconf 90' lang='lat' dir='ltr'>saeculi</span> <span class='ocrx_word' id='word_1_129' title='bbox 1188 1286 1264 1328; x_wconf 77' lang='lat' dir='ltr'>IX:</span> <span class='ocrx_word' id='word_1_130' title='bbox 1309 1301 1393 1341; x_wconf 90' lang='lat' dir='ltr'>quo</span> <span class='ocrx_word' id='word_1_131' title='bbox 1438 1287 1484 1328; x_wconf 91' lang='lat' dir='ltr'>in</span> <span class='ocrx_word' id='word_1_132' title='bbox 1527 1286 1638 1328; x_wconf 79' lang='lat' dir='ltr'>libro</span> <span class='ocrx_word' id='word_1_133' title='bbox 1683 1289 1853 1341; x_wconf 87' lang='lat' dir='ltr'>praeter</span> <span class='ocrx_word' id='word_1_134' title='bbox 1890 1285 1975 1327; x_wconf 87' lang='lat' dir='ltr'>alia</span> 
     </span>
     <span class='ocr_line' id='line_1_17' title="bbox 218 1357 1974 1420; baseline -0.003 -15"><span class='ocrx_word' id='word_1_135' title='bbox 218 1363 386 1420; x_wconf 81' lang='lat' dir='ltr'>glossae</span> <span class='ocrx_word' id='word_1_136' title='bbox 433 1360 825 1404; x_wconf 89' lang='lat' dir='ltr'>medicobotanicae</span> <span class='ocrx_word' id='word_1_137' title='bbox 869 1359 914 1400; x_wconf 90' lang='lat' dir='ltr'>in</span> <span class='ocrx_word' id='word_1_138' title='bbox 949 1359 1020 1401; x_wconf 85' lang='lat' dir='ltr'>fol.</span> <span class='ocrx_word' id='word_1_139' title='bbox 1054 1360 1279 1402; x_wconf 74' lang='lat'>39¹¹-4111</span> <span class='ocrx_word' id='word_1_140' title='bbox 1317 1358 1475 1400; x_wconf 88' lang='lat' dir='ltr'>insunt.</span> <span class='ocrx_word' id='word_1_141' title='bbox 1538 1358 1834 1415; x_wconf 87' lang='lat' dir='ltr'>Apographon</span> <span class='ocrx_word' id='word_1_142' title='bbox 1872 1357 1974 1400; x_wconf 86' lang='lat' dir='ltr'>fecit</span> 
     </span>
     <span class='ocr_line' id='line_1_18' title="bbox 219 1430 1732 1485; baseline -0.004 -8"><span class='ocrx_word' id='word_1_143' title='bbox 219 1434 650 1477; x_wconf 84' lang='lat' dir='ltr'>Gundermannus.</span> <span class='ocrx_word' id='word_1_144' title='bbox 714 1431 890 1474; x_wconf 82' lang='lat' dir='ltr'>Glossae</span> <span class='ocrx_word' id='word_1_145' title='bbox 923 1433 1138 1472; x_wconf 90' lang='lat' dir='ltr'>extremae</span> <span class='ocrx_word' id='word_1_146' title='bbox 1170 1430 1587 1485; x_wconf 88' lang='lat' dir='ltr'>Pseudo-Apulei</span> <span class='ocrx_word' id='word_1_147' title='bbox 1621 1433 1732 1472; x_wconf 79' lang='lat' dir='ltr'>sunt.</span> 
     </span>
    </p>

    <p class='ocr_par' dir='ltr' id='par_1_5' title="bbox 217 1501 1973 1851">
     <span class='ocr_line' id='line_1_19' title="bbox 337 1501 1973 1558; baseline -0.004 -10"><span class='ocrx_word' id='word_1_148' title='bbox 337 1505 601 1548; x_wconf 77' lang='lat' dir='ltr'>Glossaria</span> <span class='ocrx_word' id='word_1_149' title='bbox 638 1502 932 1546; x_wconf 70' lang='lat' dir='ltr'>recentiora</span> <span class='ocrx_word' id='word_1_150' title='bbox 967 1517 1075 1558; x_wconf 92' lang='lat' dir='ltr'>quae</span> <span class='ocrx_word' id='word_1_151' title='bbox 1106 1502 1344 1544; x_wconf 84' lang='lat' dir='ltr'>vetustiora</span> <span class='ocrx_word' id='word_1_152' title='bbox 1374 1516 1553 1543; x_wconf 89' lang='lat' dir='ltr'>numero</span> <span class='ocrx_word' id='word_1_153' title='bbox 1586 1501 1723 1543; x_wconf 90' lang='lat' dir='ltr'>multo</span> <span class='ocrx_word' id='word_1_154' title='bbox 1757 1503 1973 1557; x_wconf 83' lang='lat' dir='ltr'>superant,</span> 
     </span>
     <span class='ocr_line' id='line_1_20' title="bbox 218 1573 1973 1634; baseline -0.003 -14"><span class='ocrx_word' id='word_1_155' title='bbox 218 1578 335 1620; x_wconf 89' lang='lat' dir='ltr'>velut</span> <span class='ocrx_word' id='word_1_156' title='bbox 355 1578 560 1634; x_wconf 86' lang='lat' dir='ltr'>glossae</span> <span class='ocrx_word' id='word_1_157' title='bbox 574 1575 809 1631; x_wconf 87' lang='lat' dir='ltr'>Alphita,</span> <span class='ocrx_word' id='word_1_158' title='bbox 824 1574 1114 1616; x_wconf 63' lang='grc' dir='ltr'>ε811101101113</span> <span class='ocrx_word' id='word_1_159' title='bbox 1127 1573 1497 1615; x_wconf 80' lang='grc' dir='ltr'>Β31·111010]1101’</span> <span class='ocrx_word' id='word_1_160' title='bbox 1513 1588 1621 1628; x_wconf 92' lang='lat' dir='ltr'>quae</span> <span class='ocrx_word' id='word_1_161' title='bbox 1643 1573 1775 1615; x_wconf 86' lang='lat' dir='ltr'>edidit</span> <span class='ocrx_word' id='word_1_162' title='bbox 1788 1573 1973 1615; x_wconf 84' lang='lat' dir='ltr'>Mowat</span> 
     </span>
     <span class='ocr_line' id='line_1_21' title="bbox 218 1644 1971 1701; baseline -0.005 -8"><span class='ocrx_word' id='word_1_163' title='bbox 218 1651 263 1692; x_wconf 87' lang='lat' dir='ltr'>in</span> <span class='ocrx_word' id='word_1_164' title='bbox 288 1649 521 1692; x_wconf 77' lang='lat' dir='ltr'>Anecdotis</span> <span class='ocrx_word' id='word_1_165' title='bbox 549 1646 865 1691; x_wconf 86' lang='lat' dir='ltr'>Oxoniensibus</span> <span class='ocrx_word' id='word_1_166' title='bbox 891 1646 972 1688; x_wconf 84' lang='lat' dir='ltr'>vol.</span> <span class='ocrx_word' id='word_1_167' title='bbox 992 1646 1014 1688; x_wconf 89' lang='lat' dir='ltr'>I</span> <span class='ocrx_word' id='word_1_168' title='bbox 1039 1649 1147 1701; x_wconf 87' lang='lat' dir='ltr'>part.</span> <span class='ocrx_word' id='word_1_169' title='bbox 1174 1647 1195 1687; x_wconf 84' lang='lat'>1</span> <span class='ocrx_word' id='word_1_170' title='bbox 1226 1647 1327 1700; x_wconf 77' lang='grc'>012,</span> <span class='ocrx_word' id='word_1_171' title='bbox 1357 1659 1512 1699; x_wconf 89' lang='lat' dir='ltr'>corpus</span> <span class='ocrx_word' id='word_1_172' title='bbox 1538 1644 1788 1686; x_wconf 82' lang='lat' dir='ltr'>Matthaei</span> <span class='ocrx_word' id='word_1_173' title='bbox 1815 1644 1971 1686; x_wconf 83' lang='lat' dir='ltr'>Silva-</span> 
     </span>
     <span class='ocr_line' id='line_1_22' title="bbox 217 1715 1971 1778; baseline -0.005 -13"><span class='ocrx_word' id='word_1_174' title='bbox 217 1723 328 1778; x_wconf 86' lang='lat' dir='ltr'>tici,</span> <span class='ocrx_word' id='word_1_175' title='bbox 373 1720 586 1777; x_wconf 90' lang='lat' dir='ltr'>quomodo</span> <span class='ocrx_word' id='word_1_176' title='bbox 633 1734 730 1762; x_wconf 87' lang='lat' dir='ltr'>cum</span> <span class='ocrx_word' id='word_1_177' title='bbox 774 1718 862 1760; x_wconf 90' lang='lat' dir='ltr'>illis</span> <span class='ocrx_word' id='word_1_178' title='bbox 905 1717 1161 1759; x_wconf 81' lang='lat' dir='ltr'>cohaereant</span> <span class='ocrx_word' id='word_1_179' title='bbox 1199 1719 1293 1758; x_wconf 90' lang='lat' dir='ltr'>tum</span> <span class='ocrx_word' id='word_1_180' title='bbox 1332 1716 1514 1771; x_wconf 88' lang='lat' dir='ltr'>dicetur,</span> <span class='ocrx_word' id='word_1_181' title='bbox 1553 1730 1651 1757; x_wconf 89' lang='lat' dir='ltr'>cum</span> <span class='ocrx_word' id='word_1_182' title='bbox 1689 1715 1739 1756; x_wconf 89' lang='lat' dir='ltr'>de</span> <span class='ocrx_word' id='word_1_183' title='bbox 1776 1715 1971 1757; x_wconf 84' lang='lat' dir='ltr'>fontibus</span> 
     </span>
     <span class='ocr_line' id='line_1_23' title="bbox 217 1787 1971 1851; baseline -0.005 -15"><span class='ocrx_word' id='word_1_184' title='bbox 217 1793 526 1851; x_wconf 85' lang='lat' dir='ltr'>glossariorum</span> <span class='ocrx_word' id='word_1_185' title='bbox 563 1789 1030 1833; x_wconf 88' lang='lat' dir='ltr'>medicobotanicorum</span> <span class='ocrx_word' id='word_1_186' title='bbox 1066 1787 1374 1842; x_wconf 82' lang='lat' dir='ltr'>disputabitur:</span> <span class='ocrx_word' id='word_1_187' title='bbox 1413 1802 1487 1828; x_wconf 93' lang='lat' dir='ltr'>cur</span> <span class='ocrx_word' id='word_1_188' title='bbox 1519 1787 1573 1828; x_wconf 89' lang='lat' dir='ltr'>ab</span> <span class='ocrx_word' id='word_1_189' title='bbox 1606 1787 1686 1828; x_wconf 91' lang='lat' dir='ltr'>hac</span> <span class='ocrx_word' id='word_1_190' title='bbox 1719 1787 1971 1828; x_wconf 86' lang='lat' dir='ltr'>collectione</span> 
     </span>
    </p>
   </div>
   <div class='ocr_carea' id='block_1_3' title="bbox 218 1860 989 1919">
    <p class='ocr_par' dir='ltr' id='par_1_6' title="bbox 218 1860 989 1919">
     <span class='ocr_line' id='line_1_24' title="bbox 218 1860 989 1919; baseline -0.009 -11"><span class='ocrx_word' id='word_1_191' title='bbox 218 1864 483 1919; x_wconf 79' lang='lat' dir='ltr'>excluserim,</span> <span class='ocrx_word' id='word_1_192' title='bbox 517 1878 645 1918; x_wconf 88' lang='lat' dir='ltr'>supra</span> <span class='ocrx_word' id='word_1_193' title='bbox 677 1861 763 1903; x_wconf 87' lang='lat' dir='ltr'>iam</span> <span class='ocrx_word' id='word_1_194' title='bbox 793 1860 989 1903; x_wconf 85' lang='lat' dir='ltr'>indicavi.</span> 
     </span>
    </p>
   </div>
   <div class='ocr_carea' id='block_1_4' title="bbox 1062 1978 1125 2020">
    <p class='ocr_par' dir='ltr' id='par_1_7' title="bbox 1062 1978 1125 2020">
     <span class='ocr_line' id='line_1_25' title="bbox 1062 1978 1125 2020; baseline 0 0"><span class='ocrx_word' id='word_1_195' title='bbox 1062 1978 1125 2020; x_wconf 79' lang='lat' dir='ltr'>VI</span> 
     </span>
    </p>
   </div>
   <div class='ocr_carea' id='block_1_5' title="bbox 217 2072 1971 3204">
    <p class='ocr_par' dir='ltr' id='par_1_8' title="bbox 217 2072 1971 3204">
     <span class='ocr_line' id='line_1_26' title="bbox 337 2072 1970 2133; baseline -0.004 -11"><span class='ocrx_word' id='word_1_196' title='bbox 337 2083 361 2133; x_wconf 67' lang='grc' dir='ltr'>ξ</span> <span class='ocrx_word' id='word_1_197' title='bbox 396 2080 461 2121; x_wconf 82' lang='grc'>18.</span> <span class='ocrx_word' id='word_1_198' title='bbox 511 2077 650 2120; x_wconf 84' lang='grc' dir='ltr'>Μ3101·</span> <span class='ocrx_word' id='word_1_199' title='bbox 686 2074 890 2117; x_wconf 89' lang='lat' dir='ltr'>materiae</span> <span class='ocrx_word' id='word_1_200' title='bbox 929 2088 1058 2129; x_wconf 90' lang='lat' dir='ltr'>quam</span> <span class='ocrx_word' id='word_1_201' title='bbox 1095 2073 1177 2115; x_wconf 89' lang='lat' dir='ltr'>hoc</span> <span class='ocrx_word' id='word_1_202' title='bbox 1214 2072 1431 2113; x_wconf 82' lang='lat' dir='ltr'>volumine</span> <span class='ocrx_word' id='word_1_203' title='bbox 1470 2073 1679 2114; x_wconf 90' lang='lat' dir='ltr'>contineri</span> <span class='ocrx_word' id='word_1_204' title='bbox 1718 2073 1834 2115; x_wconf 88' lang='lat' dir='ltr'>volui</span> <span class='ocrx_word' id='word_1_205' title='bbox 1872 2088 1970 2128; x_wconf 89' lang='lat' dir='ltr'>pars</span> 
     </span>
     <span class='ocr_line' id='line_1_27' title="bbox 220 2144 1971 2207; baseline -0.005 -13"><span class='ocrx_word' id='word_1_206' title='bbox 220 2151 414 2207; x_wconf 81' lang='lat' dir='ltr'>quamvis</span> <span class='ocrx_word' id='word_1_207' title='bbox 441 2148 649 2206; x_wconf 85' lang='lat' dir='ltr'>singulari</span> <span class='ocrx_word' id='word_1_208' title='bbox 677 2148 732 2189; x_wconf 88' lang='lat' dir='ltr'>sit</span> <span class='ocrx_word' id='word_1_209' title='bbox 758 2146 912 2200; x_wconf 88' lang='lat' dir='ltr'>indole,</span> <span class='ocrx_word' id='word_1_210' title='bbox 941 2148 1085 2187; x_wconf 91' lang='lat' dir='ltr'>tamen</span> <span class='ocrx_word' id='word_1_211' title='bbox 1111 2144 1265 2187; x_wconf 89' lang='lat' dir='ltr'>merito</span> <span class='ocrx_word' id='word_1_212' title='bbox 1293 2144 1623 2200; x_wconf 78' lang='lat' dir='ltr'>‘glossematica&#39;</span> <span class='ocrx_word' id='word_1_213' title='bbox 1651 2144 1732 2186; x_wconf 89' lang='lat' dir='ltr'>dici</span> <span class='ocrx_word' id='word_1_214' title='bbox 1757 2147 1901 2200; x_wconf 88' lang='lat' dir='ltr'>potest</span> <span class='ocrx_word' id='word_1_215' title='bbox 1928 2147 1971 2186; x_wconf 93' lang='lat' dir='ltr'>et</span> 
     </span>
     <span class='ocr_line' id='line_1_28' title="bbox 221 2215 1970 2277; baseline -0.005 -11"><span class='ocrx_word' id='word_1_216' title='bbox 221 2239 306 2265; x_wconf 91' lang='lat' dir='ltr'>una</span> <span class='ocrx_word' id='word_1_217' title='bbox 339 2238 433 2265; x_wconf 90' lang='lat' dir='ltr'>cum</span> <span class='ocrx_word' id='word_1_218' title='bbox 467 2221 561 2263; x_wconf 86' lang='lat' dir='ltr'>aliis</span> <span class='ocrx_word' id='word_1_219' title='bbox 595 2219 750 2277; x_wconf 87' lang='lat' dir='ltr'>glossis</span> <span class='ocrx_word' id='word_1_220' title='bbox 783 2218 827 2259; x_wconf 87' lang='lat' dir='ltr'>in</span> <span class='ocrx_word' id='word_1_221' title='bbox 853 2217 1109 2273; x_wconf 88' lang='lat' dir='ltr'>glossario</span> <span class='ocrx_word' id='word_1_222' title='bbox 1137 2215 1368 2273; x_wconf 89' lang='lat' dir='ltr'>generali</span> <span class='ocrx_word' id='word_1_223' title='bbox 1395 2216 1616 2257; x_wconf 87' lang='lat' dir='ltr'>tractanda</span> <span class='ocrx_word' id='word_1_224' title='bbox 1643 2219 1724 2258; x_wconf 91' lang='lat' dir='ltr'>est:</span> <span class='ocrx_word' id='word_1_225' title='bbox 1758 2231 1842 2271; x_wconf 91' lang='lat' dir='ltr'>quo</span> <span class='ocrx_word' id='word_1_226' title='bbox 1868 2231 1970 2258; x_wconf 85' lang='lat' dir='ltr'>vero</span> 
     </span>
     <span class='ocr_line' id='line_1_29' title="bbox 217 2286 1967 2344; baseline -0.005 -7"><span class='ocrx_word' id='word_1_227' title='bbox 217 2295 343 2336; x_wconf 87' lang='lat' dir='ltr'>modo</span> <span class='ocrx_word' id='word_1_228' title='bbox 383 2296 456 2335; x_wconf 89' lang='lat' dir='ltr'>aut</span> <span class='ocrx_word' id='word_1_229' title='bbox 495 2291 672 2334; x_wconf 89' lang='lat' dir='ltr'>consilio</span> <span class='ocrx_word' id='word_1_230' title='bbox 713 2289 989 2344; x_wconf 82' lang='lat' dir='ltr'>colloquia,</span> <span class='ocrx_word' id='word_1_231' title='bbox 1034 2287 1238 2329; x_wconf 85' lang='lat' dir='ltr'>fabulas</span> <span class='ocrx_word' id='word_1_232' title='bbox 1274 2286 1545 2343; x_wconf 81' lang='lat' dir='ltr'>Aesopias,</span> <span class='ocrx_word' id='word_1_233' title='bbox 1589 2302 1834 2342; x_wconf 88' lang='lat' dir='ltr'>responsa</span> <span class='ocrx_word' id='word_1_234' title='bbox 1870 2287 1967 2329; x_wconf 90' lang='lat' dir='ltr'>Ha-</span> 
     </span>
     <span class='ocr_line' id='line_1_30' title="bbox 219 2358 1968 2419; baseline -0.005 -12"><span class='ocrx_word' id='word_1_235' title='bbox 219 2365 402 2419; x_wconf 87' lang='lat' dir='ltr'>driani,</span> <span class='ocrx_word' id='word_1_236' title='bbox 452 2365 733 2406; x_wconf 89' lang='lat' dir='ltr'>tractatum</span> <span class='ocrx_word' id='word_1_237' title='bbox 783 2360 1079 2415; x_wconf 85' lang='lat' dir='ltr'>iuridicum,</span> <span class='ocrx_word' id='word_1_238' title='bbox 1129 2358 1255 2400; x_wconf 91' lang='lat' dir='ltr'>belli</span> <span class='ocrx_word' id='word_1_239' title='bbox 1308 2358 1520 2400; x_wconf 87' lang='lat' dir='ltr'>Troiani</span> <span class='ocrx_word' id='word_1_240' title='bbox 1572 2359 1968 2414; x_wconf 80' lang='lat' dir='ltr'>enarrationem,</span> 
     </span>
     <span class='ocr_line' id='line_1_31' title="bbox 218 2429 1967 2492; baseline -0.003 -14"><span class='ocrx_word' id='word_1_241' title='bbox 218 2436 549 2492; x_wconf 88' lang='lat' dir='ltr'>quaestiones</span> <span class='ocrx_word' id='word_1_242' title='bbox 576 2432 956 2489; x_wconf 80' lang='lat' dir='ltr'>mythologicas</span> <span class='ocrx_word' id='word_1_243' title='bbox 984 2432 1028 2473; x_wconf 89' lang='lat' dir='ltr'>in</span> <span class='ocrx_word' id='word_1_244' title='bbox 1053 2431 1190 2473; x_wconf 81' lang='lat' dir='ltr'>lexico</span> <span class='ocrx_word' id='word_1_245' title='bbox 1217 2429 1407 2487; x_wconf 88' lang='lat' dir='ltr'>generali</span> <span class='ocrx_word' id='word_1_246' title='bbox 1435 2432 1664 2471; x_wconf 89' lang='lat' dir='ltr'>tractarem</span> <span class='ocrx_word' id='word_1_247' title='bbox 1692 2433 1734 2471; x_wconf 91' lang='lat' dir='ltr'>et</span> <span class='ocrx_word' id='word_1_248' title='bbox 1754 2430 1808 2471; x_wconf 88' lang='lat' dir='ltr'>ad</span> <span class='ocrx_word' id='word_1_249' title='bbox 1825 2430 1967 2486; x_wconf 89' lang='lat' dir='ltr'>pristi-</span> 
     </span>
     <span class='ocr_line' id='line_1_32' title="bbox 218 2501 1968 2560; baseline -0.003 -10"><span class='ocrx_word' id='word_1_250' title='bbox 218 2524 317 2550; x_wconf 88' lang='lat' dir='ltr'>nam</span> <span class='ocrx_word' id='word_1_251' title='bbox 361 2508 543 2549; x_wconf 85' lang='lat' dir='ltr'>formam</span> <span class='ocrx_word' id='word_1_252' title='bbox 587 2519 846 2560; x_wconf 80' lang='lat' dir='ltr'>revocarem,</span> <span class='ocrx_word' id='word_1_253' title='bbox 893 2519 980 2545; x_wconf 89' lang='lat' dir='ltr'>non</span> <span class='ocrx_word' id='word_1_254' title='bbox 1024 2503 1178 2544; x_wconf 81' lang='lat' dir='ltr'>inveni.</span> <span class='ocrx_word' id='word_1_255' title='bbox 1246 2502 1360 2544; x_wconf 90' lang='lat' dir='ltr'>Nam</span> <span class='ocrx_word' id='word_1_256' title='bbox 1401 2501 1482 2542; x_wconf 89' lang='lat' dir='ltr'>etsi</span> <span class='ocrx_word' id='word_1_257' title='bbox 1527 2504 1860 2543; x_wconf 85' lang='lat' dir='ltr'>consentaneum</span> <span class='ocrx_word' id='word_1_258' title='bbox 1903 2505 1968 2544; x_wconf 90' lang='lat' dir='ltr'>est</span> 
     </span>
     <span class='ocr_line' id='line_1_33' title="bbox 218 2572 1968 2634; baseline -0.004 -13"><span class='ocrx_word' id='word_1_259' title='bbox 218 2579 423 2621; x_wconf 77' lang='lat' dir='ltr'>vocabula</span> <span class='ocrx_word' id='word_1_260' title='bbox 450 2576 749 2634; x_wconf 86' lang='lat' dir='ltr'>glossematica</span> <span class='ocrx_word' id='word_1_261' title='bbox 776 2575 869 2630; x_wconf 90' lang='lat' dir='ltr'>ipsa</span> <span class='ocrx_word' id='word_1_262' title='bbox 895 2574 1046 2616; x_wconf 90' lang='lat' dir='ltr'>ubiubi</span> <span class='ocrx_word' id='word_1_263' title='bbox 1073 2574 1277 2630; x_wconf 87' lang='lat' dir='ltr'>leguntur</span> <span class='ocrx_word' id='word_1_264' title='bbox 1304 2572 1545 2614; x_wconf 85' lang='lat' dir='ltr'>adhibitum</span> <span class='ocrx_word' id='word_1_265' title='bbox 1568 2572 1620 2613; x_wconf 90' lang='lat' dir='ltr'>iri</span> <span class='ocrx_word' id='word_1_266' title='bbox 1642 2573 1797 2628; x_wconf 79' lang='lat' dir='ltr'>omnia,</span> <span class='ocrx_word' id='word_1_267' title='bbox 1822 2575 1968 2615; x_wconf 84' lang='lat' dir='ltr'>tamen</span> 
     </span>
     <span class='ocr_line' id='line_1_34' title="bbox 218 2643 1967 2705; baseline -0.003 -13"><span class='ocrx_word' id='word_1_268' title='bbox 218 2650 395 2705; x_wconf 88' lang='lat' dir='ltr'>reliquis</span> <span class='ocrx_word' id='word_1_269' title='bbox 428 2648 648 2691; x_wconf 79' lang='lat' dir='ltr'>vocabulis</span> <span class='ocrx_word' id='word_1_270' title='bbox 680 2647 931 2703; x_wconf 88' lang='lat' dir='ltr'>plerumque</span> <span class='ocrx_word' id='word_1_271' title='bbox 963 2644 1201 2687; x_wconf 86' lang='lat' dir='ltr'>tritissimis</span> <span class='ocrx_word' id='word_1_272' title='bbox 1233 2659 1307 2686; x_wconf 90' lang='lat' dir='ltr'>cur</span> <span class='ocrx_word' id='word_1_273' title='bbox 1340 2643 1603 2686; x_wconf 89' lang='lat' dir='ltr'>domicilium</span> <span class='ocrx_word' id='word_1_274' title='bbox 1634 2645 1890 2698; x_wconf 89' lang='lat' dir='ltr'>praebeatur</span> <span class='ocrx_word' id='word_1_275' title='bbox 1921 2644 1967 2686; x_wconf 88' lang='lat' dir='ltr'>in</span> 
     </span>
     <span class='ocr_line' id='line_1_35' title="bbox 219 2715 1966 2771; baseline -0.003 -8"><span class='ocrx_word' id='word_1_276' title='bbox 219 2721 356 2763; x_wconf 89' lang='lat' dir='ltr'>indice</span> <span class='ocrx_word' id='word_1_277' title='bbox 390 2735 478 2762; x_wconf 91' lang='lat' dir='ltr'>esse</span> <span class='ocrx_word' id='word_1_278' title='bbox 511 2734 597 2761; x_wconf 92' lang='lat' dir='ltr'>non</span> <span class='ocrx_word' id='word_1_279' title='bbox 630 2718 808 2760; x_wconf 87' lang='lat' dir='ltr'>videtur.</span> <span class='ocrx_word' id='word_1_280' title='bbox 858 2716 1037 2758; x_wconf 89' lang='lat' dir='ltr'>Accedit</span> <span class='ocrx_word' id='word_1_281' title='bbox 1069 2715 1183 2770; x_wconf 91' lang='lat' dir='ltr'>quod</span> <span class='ocrx_word' id='word_1_282' title='bbox 1214 2730 1338 2757; x_wconf 87' lang='lat' dir='ltr'>nemo</span> <span class='ocrx_word' id='word_1_283' title='bbox 1372 2715 1417 2756; x_wconf 88' lang='lat' dir='ltr'>in</span> <span class='ocrx_word' id='word_1_284' title='bbox 1449 2729 1625 2770; x_wconf 91' lang='lat' dir='ltr'>corpore</span> <span class='ocrx_word' id='word_1_285' title='bbox 1658 2715 1966 2771; x_wconf 88' lang='lat' dir='ltr'>glossariorum</span> 
     </span>
     <span class='ocr_line' id='line_1_36' title="bbox 218 2785 1965 2845; baseline -0.004 -11"><span class='ocrx_word' id='word_1_286' title='bbox 218 2792 460 2834; x_wconf 85' lang='lat' dir='ltr'>fabularum</span> <span class='ocrx_word' id='word_1_287' title='bbox 486 2789 769 2845; x_wconf 85' lang='lat' dir='ltr'>Aesopiarum</span> <span class='ocrx_word' id='word_1_288' title='bbox 800 2788 1092 2830; x_wconf 88' lang='lat' dir='ltr'>recensionem</span> <span class='ocrx_word' id='word_1_289' title='bbox 1125 2789 1313 2842; x_wconf 77' lang='lat' dir='ltr'>quaeret,</span> <span class='ocrx_word' id='word_1_290' title='bbox 1345 2786 1420 2828; x_wconf 91' lang='lat' dir='ltr'>sed</span> <span class='ocrx_word' id='word_1_291' title='bbox 1451 2785 1497 2827; x_wconf 86' lang='lat' dir='ltr'>in</span> <span class='ocrx_word' id='word_1_292' title='bbox 1522 2785 1783 2828; x_wconf 85' lang='lat' dir='ltr'>editionibus</span> <span class='ocrx_word' id='word_1_293' title='bbox 1811 2787 1965 2828; x_wconf 89' lang='lat' dir='ltr'>harum</span> 
     </span>
     <span class='ocr_line' id='line_1_37' title="bbox 219 2857 1964 2916; baseline -0.003 -11"><span class='ocrx_word' id='word_1_294' title='bbox 219 2863 461 2905; x_wconf 88' lang='lat' dir='ltr'>fabularum</span> <span class='ocrx_word' id='word_1_295' title='bbox 499 2862 705 2916; x_wconf 79' lang='lat' dir='ltr'>ipsarum3</span> <span class='ocrx_word' id='word_1_296' title='bbox 742 2859 949 2901; x_wconf 88' lang='lat' dir='ltr'>Hadriani</span> <span class='ocrx_word' id='word_1_297' title='bbox 987 2873 1087 2899; x_wconf 85' lang='lat' dir='ltr'>vero</span> <span class='ocrx_word' id='word_1_298' title='bbox 1125 2871 1329 2912; x_wconf 87' lang='lat' dir='ltr'>responsa</span> <span class='ocrx_word' id='word_1_299' title='bbox 1364 2860 1406 2899; x_wconf 91' lang='lat' dir='ltr'>et</span> <span class='ocrx_word' id='word_1_300' title='bbox 1437 2860 1647 2899; x_wconf 86' lang='lat' dir='ltr'>tractatus</span> <span class='ocrx_word' id='word_1_301' title='bbox 1680 2857 1886 2903; x_wconf 88' lang='lat' dir='ltr'>iuridicus</span> <span class='ocrx_word' id='word_1_302' title='bbox 1918 2857 1964 2899; x_wconf 89' lang='lat' dir='ltr'>in</span> 
     </span>
     <span class='ocr_line' id='line_1_38' title="bbox 218 2928 1963 2987; baseline -0.004 -11"><span class='ocrx_word' id='word_1_303' title='bbox 218 2935 340 2976; x_wconf 90' lang='lat' dir='ltr'>libris</span> <span class='ocrx_word' id='word_1_304' title='bbox 367 2932 754 2975; x_wconf 87' lang='lat' dir='ltr'>iureconsultorum</span> <span class='ocrx_word' id='word_1_305' title='bbox 778 2934 927 2987; x_wconf 88' lang='lat' dir='ltr'>aptum</span> <span class='ocrx_word' id='word_1_306' title='bbox 947 2929 1032 2971; x_wconf 89' lang='lat' dir='ltr'>iam</span> <span class='ocrx_word' id='word_1_307' title='bbox 1051 2928 1306 2970; x_wconf 88' lang='lat' dir='ltr'>invenerunt</span> <span class='ocrx_word' id='word_1_308' title='bbox 1326 2929 1484 2985; x_wconf 79' lang='lat' dir='ltr'>locum3</span> <span class='ocrx_word' id='word_1_309' title='bbox 1510 2928 1828 2985; x_wconf 76' lang='lat' dir='ltr'>mythologicae</span> <span class='ocrx_word' id='word_1_310' title='bbox 1849 2928 1963 2970; x_wconf 90' lang='lat' dir='ltr'>deni-</span> 
     </span>
     <span class='ocr_line' id='line_1_39' title="bbox 219 3000 1964 3062; baseline -0.004 -14"><span class='ocrx_word' id='word_1_311' title='bbox 219 3021 300 3062; x_wconf 90' lang='lat' dir='ltr'>que</span> <span class='ocrx_word' id='word_1_312' title='bbox 350 3008 493 3061; x_wconf 84' lang='lat' dir='ltr'>partes</span> <span class='ocrx_word' id='word_1_313' title='bbox 542 3019 566 3045; x_wconf 88' lang='lat' dir='ltr'>a</span> <span class='ocrx_word' id='word_1_314' title='bbox 609 3002 872 3059; x_wconf 84' lang='lat' dir='ltr'>mythologis</span> <span class='ocrx_word' id='word_1_315' title='bbox 915 3003 1122 3043; x_wconf 85' lang='lat' dir='ltr'>tractatae</span> <span class='ocrx_word' id='word_1_316' title='bbox 1167 3003 1283 3042; x_wconf 86' lang='lat' dir='ltr'>sunt:</span> <span class='ocrx_word' id='word_1_317' title='bbox 1337 3000 1440 3042; x_wconf 92' lang='lat' dir='ltr'>solis</span> <span class='ocrx_word' id='word_1_318' title='bbox 1485 3000 1710 3056; x_wconf 83' lang='lat' dir='ltr'>colloquiis</span> <span class='ocrx_word' id='word_1_319' title='bbox 1751 3014 1964 3055; x_wconf 88' lang='lat' dir='ltr'>nusquam</span> 
     </span>
     <span class='ocr_line' id='line_1_40' title="bbox 219 3071 1963 3132; baseline -0.003 -14"><span class='ocrx_word' id='word_1_320' title='bbox 219 3092 346 3132; x_wconf 90' lang='lat' dir='ltr'>quam</span> <span class='ocrx_word' id='word_1_321' title='bbox 397 3077 439 3118; x_wconf 88' lang='lat' dir='ltr'>in</span> <span class='ocrx_word' id='word_1_322' title='bbox 489 3076 570 3117; x_wconf 91' lang='lat' dir='ltr'>hoc</span> <span class='ocrx_word' id='word_1_323' title='bbox 618 3075 708 3130; x_wconf 89' lang='lat' dir='ltr'>ipso</span> <span class='ocrx_word' id='word_1_324' title='bbox 759 3073 975 3116; x_wconf 86' lang='lat' dir='ltr'>volumine</span> <span class='ocrx_word' id='word_1_325' title='bbox 1025 3071 1356 3114; x_wconf 87' lang='lat' dir='ltr'>commodiorem</span> <span class='ocrx_word' id='word_1_326' title='bbox 1399 3072 1541 3114; x_wconf 91' lang='lat' dir='ltr'>locum</span> <span class='ocrx_word' id='word_1_327' title='bbox 1585 3071 1795 3127; x_wconf 85' lang='lat' dir='ltr'>assignari</span> <span class='ocrx_word' id='word_1_328' title='bbox 1837 3086 1963 3126; x_wconf 88' lang='lat' dir='ltr'>posse</span> 
     </span>
     <span class='ocr_line' id='line_1_41' title="bbox 219 3142 1962 3204; baseline -0.004 -14"><span class='ocrx_word' id='word_1_329' title='bbox 219 3147 376 3204; x_wconf 73' lang='lat' dir='ltr'>putavi.</span> <span class='ocrx_word' id='word_1_330' title='bbox 439 3146 587 3201; x_wconf 89' lang='lat' dir='ltr'>Itaque</span> <span class='ocrx_word' id='word_1_331' title='bbox 632 3145 844 3199; x_wconf 88' lang='lat' dir='ltr'>colloquia</span> <span class='ocrx_word' id='word_1_332' title='bbox 888 3146 1108 3199; x_wconf 87' lang='lat' dir='ltr'>quattuor,</span> <span class='ocrx_word' id='word_1_333' title='bbox 1151 3143 1191 3183; x_wconf 85' lang='lat' dir='ltr'>h.</span> <span class='ocrx_word' id='word_1_334' title='bbox 1231 3159 1264 3185; x_wconf 86' lang='lat' dir='ltr'>e.</span> <span class='ocrx_word' id='word_1_335' title='bbox 1308 3143 1571 3198; x_wconf 88' lang='lat' dir='ltr'>Leidense,</span> <span class='ocrx_word' id='word_1_336' title='bbox 1614 3142 1962 3199; x_wconf 84' lang='lat' dir='ltr'>Harleianum,</span> 
     </span>
    </p>
   </div>
  </div>
 </body>
</html>
