2164 3470
178 176 300 214 XVIII
913 176 1190 215 PRAEFATIO

177 289 342 332 tatione
370 291 420 332 de
448 291 729 346 colloquiis
755 289 1158 332 Monacensibus'
1178 289 1628 334 Commentationibus
1656 293 1701 334 in
1730 293 1940 336 honorem

177 360 421 403 Guilelmi
463 362 638 405 Christ
683 363 854 418 scriptis
900 363 1061 404 inserta
1105 361 1164 419 (p.
1198 364 1282 405 307
1307 361 1428 419 sqq.)
1491 363 1789 421 Apographon
1832 365 1940 406 mihi

157 433 358 475 'tradidit
396 434 526 491 idem⁷
565 435 679 490 quod
710 450 786 490 per
819 434 1113 475 adulescentes
1149 434 1255 475 duos
1288 434 1532 477 faciendum
1564 439 1804 478 curaverat:
1843 451 1940 478 cum

178 508 324 547 tamen
374 507 635 548 liberalitate
685 505 1001 547 Laubmanni
1053 506 1193 560 fieret,
1251 509 1298 547 ut
1342 506 1488 548 Ienam
1540 508 1941 550 transmitterentur

175 576 687 632 Psejudodositheana
726 578 1055 620 Monacensia'
1099 578 1261 633 omnia⁷
1306 593 1390 634 quo
1430 580 1568 636 magis
1608 596 1771 623 errores
1810 581 1938 623 evita-

175 652 342 705 rentur,
393 650 562 705 integra
593 642 962 691 hermeneumata
1014 649 1285 704 transcripsit
1337 650 1776 708 Gundermannus3
1826 653 1938 694 idem

176 721 399 762 schedulas
433 737 529 763 cum
563 721 706 763 codice
741 722 880 764 denuo
914 722 1109 764 contulit.

293 792 469 834 Praeter
500 793 613 834 hunc
646 793 807 835 librum
839 793 1019 836 editioni
1051 794 1228 835 adhibui
1262 794 1486 835 codicem
1518 795 1739 837 latinum
1769 795 1936 838 Mona-

176 879 375 905 censem
414 866 556 907 22201
599 864 874 922 (Windberg.
917 864 1051 922 1000)
1095 866 1470 908 membranaceum
1514 867 1678 909 formae
1722 867 1934 909 maximae

174 950 285 977 anno
322 938 435 979 1165
469 937 521 978 ad
552 937 682 979 finem
714 937 981 993 perductum,
1014 938 1087 993 qui
1120 941 1218 993 post
1251 937 1509 994 glossaria
1542 938 1832 982 Salomonis
1865 939 1936 996 (de

174 1007 331 1062 quibus
370 1008 420 1051 cf.
460 1008 834 1066 Deuerlingius
870 1009 896 1051 1.
931 1026 960 1051 s.
995 1012 1047 1065 s.)
1093 1010 1241 1051 eadem
1287 1009 1479 1051 continet
1520 1010 1937 1052 hermeneumata

174 1078 218 1119 in
250 1079 322 1120 fol.
357 1081 642 1123 2231—23511.
705 1080 770 1122 De
809 1080 987 1136 reliquis
1027 1080 1077 1122 cf.
1113 1081 1335 1137 catalogus
1368 1084 1469 1123 tom.
1503 1081 1565 1124 IV
1596 1085 1636 1138 4,
1663 1084 1730 1125 28.
1772 1082 1936 1135 ‚Huius

175 1165 344 1206 quoque
396 1152 554 1194 codicis
605 1152 881 1194 collationem
928 1153 1345 1195 Krumbacherus
1396 1154 1502 1195 mihi
1553 1155 1748 1196 tradidit:
1798 1154 1936 1196 tutius

173 1226 318 1264 tamen
350 1224 491 1265 visum
524 1228 600 1279 est,
632 1224 792 1266 librum
825 1226 967 1280 ipsum
1000 1225 1216 1281 adhibere,
1249 1226 1365 1280 quod
1395 1225 1543 1267 lenae
1576 1227 1669 1268 fieri
1702 1226 1856 1281 potuit.

291 1295 356 1336 De
394 1296 560 1338 ratione
600 1311 707 1351 quae
747 1296 860 1338 inter
897 1297 977 1338 hos
1012 1297 1148 1339 libros
1180 1297 1409 1338 intercedit
1441 1298 1602 1353 optime
1636 1298 1725 1355 egit
1757 1298 1935 1340 Krum-

173 1366 423 1409 bacherus
449 1368 475 1409 1.
504 1384 533 1410 3.
562 1384 591 1409 3.
643 1367 840 1422 Vterque
874 1369 1009 1425 igitur
1041 1369 1173 1411 codex
1207 1384 1259 1410 ex
1291 1369 1441 1411 eodem
1470 1396 1523 1399 —
1552 1370 1619 1411 vel
1645 1370 1856 1425 persimili
1878 1395 1933 1399 —-

169 1439 327 1492 pendet
362 1426 624 1495 archetypo,
669 1439 923 1482 minusculis
969 1456 1017 1482 eo
1059 1441 1218 1482 litteris
1258 1440 1436 1495 scripto:
1480 1441 1592 1482 unde
1632 1442 1793 1483 maiore
1833 1456 1934 1483 cura

171 1514 435 1567 propagatus
468 1514 532 1553 est
565 1511 698 1552 codex
728 1512 871 1554 13002
905 1513 958 1553 ab
985 1512 1159 1554 homine
1188 1512 1374 1567 quodam
1400 1512 1587 1567 indocto,
1620 1513 1694 1555 sed
1722 1512 1934 1569 diligenti,

171 1582 244 1636 qui
278 1583 500 1625 oculorum
533 1583 600 1624 vel
634 1583 785 1624 calami
818 1583 941 1639 lapsu
975 1585 1145 1640 saepius
1177 1583 1354 1638 erravit,
1388 1583 1438 1625 de
1471 1584 1684 1626 industria
1716 1585 1787 1625 vix
1819 1584 1933 1639 quic-

171 1669 299 1709 quam
326 1655 520 1697 mutavit.
572 1654 740 1696 Minore
768 1670 868 1696 cura
895 1659 937 1697 et
963 1656 1124 1697 maiore
1151 1656 1354 1696 libertate
1380 1655 1583 1698 librarius
1607 1656 1765 1698 codicis
1787 1657 1930 1698 22201

172 1740 273 1767 113113
311 1727 473 1769 formas
509 1727 710 1783 vulgares
742 1727 912 1781 saepius
946 1728 1128 1783 expulit,
1168 1727 1377 1769 vocabula
1409 1743 1505 1769 rara
1537 1732 1611 1769 aut
1644 1728 1728 1770 sibi
1761 1728 1934 1784 quidem

169 1796 319 1853 ignota
346 1798 518 1839 usitatis
545 1797 747 1852 tritisque
770 1799 1063 1853 commutavit,
1089 1799 1159 1840 hic
1187 1799 1275 1840 11116
1299 1799 1529 1841 lectionem
1551 1802 1798 1855 corruptam
1817 1802 1933 1841 recte

170 1857 423 1911 emendavit.
465 1869 587 1919 Quod
607 1883 760 1925 graeca
780 1869 927 1912 latinis
949 1871 1213 1926 scripserunt
1233 1870 1401 1912 librarii
1420 1871 1592 1927 litteris,
1613 1871 1704 1913 eius
1724 1871 1786 1912 rei
1807 1885 1934 1913 usum

170 1940 255 1981 iam
288 1941 575 1996 antiquiorem
609 1941 702 1995 ipso
735 1941 890 1983 horum
922 1942 1134 1984 librorum
1167 1942 1401 1998 archetypo
1436 1958 1527 1984 6336
1561 1942 1817 1998 corruptelis
1843 1942 1932 1997 qui-

173 2011 353 2054 busdam
381 2013 578 2067 efficitur,
606 2012 655 2053 de
684 2012 840 2067 quibus
868 2014 918 2054 cf.
940 2013 1358 2056 Krumbacherus
1379 2029 1418 2069 p.
1439 2016 1493 2056 27
1512 2029 1572 2069 sq.
1619 2014 1764 2057 Codex
1785 2015 1927 2056 22201

169 2085 338 2139 saepius
372 2088 588 2127 correctus
621 2087 685 2125 est
719 2085 772 2125 ab
805 2085 979 2126 homine
1013 2086 1199 2140 indocto,
1231 2085 1305 2141 qui
1338 2096 1440 2127 usus
1467 2086 1638 2128 videtur
1664 2101 1756 2128 esse
1783 2085 1930 2127 codice

172 2157 326 2198 13002.
391 2157 688 2199 Germanica
733 2172 840 2211 quae
880 2162 1110 2200 occurrunt
1149 2159 1193 2199 in
1232 2161 1415 2213 utroque
1454 2158 1566 2200 libro
1605 2158 1831 2212 vocabula,
1878 2158 1928 2199 de

170 2227 327 2281 quibus
374 2228 621 2269 consulendi
668 2230 767 2269 sunt
807 2227 1126 2284 Steinmeyer
1172 2234 1213 2272 et
1252 2230 1455 2272 Sievers
1499 2230 1639 2285 primo
1685 2230 1928 2287 glossarum

169 2299 511 2354 germanicarum
555 2299 790 2354 volumine⁷
835 2300 992 2342 indicio
1033 2305 1133 2342 sunt
1172 2301 1217 2343 in
1256 2301 1484 2343 Germania
1522 2301 1608 2342 iam
1646 2301 1928 2356 archetypum

170 2384 261 2412 esse
307 2371 560 2412 confectum.
624 2371 833 2412 Errorum
878 2372 1014 2428 igitur
1052 2388 1210 2429 genera
1252 2373 1507 2428 principalia
1548 2372 1632 2414 tria
1671 2387 1762 2414 esse
1802 2372 1961 2414 scito:‘

169 2442 357 2497 primum
388 2446 538 2484 natum
571 2445 635 2484 est
668 2446 860 2498 tempore
894 2459 977 2498 quo
1012 2447 1053 2485 et
1086 2460 1239 2501 graeca
1267 2448 1309 2487 et
1334 2445 1470 2486 latina
1495 2444 1744 2486 maiusculis
1769 2444 1928 2486 litteris

171 2514 329 2569 scripta
362 2518 500 2569 erant3
533 2514 715 2556 alterum
748 2515 927 2557 accessit
960 2519 1153 2572 tempore
1188 2533 1271 2573 quo
1305 2532 1457 2574 graeca
1488 2516 1649 2558 litteris
1680 2515 1928 2558 maiusculis

168 2585 315 2627 latinis
354 2587 767 2628 transcribebantur:
805 2587 983 2629 tertium
1024 2588 1206 2644 denique
1244 2605 1341 2631 cum
1373 2587 1622 2631 maiusculis
1659 2586 1820 2629 litteris
1852 2587 1927 2628 mi-

169 2657 372 2699 nusculae
405 2658 792 2700 substituebantur.

287 2731 312 2781 ξ
345 2730 381 2771 6.
433 2729 608 2771 Praeter
653 2745 724 2772 eos
770 2745 877 2785 quos
922 2731 967 2772 in
1012 2731 1199 2773 editione
1245 2732 1422 2774 adhibui
1466 2731 1634 2773 codices
1681 2731 1812 2773 etiam
1852 2730 1926 2772 alii

168 2801 261 2842 noti
289 2805 401 2856 sunt,
433 2817 615 2856 quorum
642 2805 788 2843 tamen
813 2802 1073 2844 lectionibus
1101 2807 1355 2859 apparatum
1382 2802 1550 2846 onerari
1575 2802 1707 2844 nolui.
1754 2801 1926 2843 Primus

171 2876 235 2914 est
280 2873 436 2914 codex
474 2873 667 2915 latinus
704 2874 1028 2916 Monacensis
1067 2876 1211 2918 27317
1252 2876 1502 2917 chartaceus
1542 2874 1700 2917 saeculi
1739 2873 1821 2916 XV
1859 2887 1926 2915 ex-

171 2944 312 2986 euntis
356 2944 561 2987 foliorum
600 2948 673 3000 21,
718 2945 874 3001 quibus
920 2942 1165 2988 centinetur
1209 2946 1592 2989 hermeneumaton
1635 2945 1773 2988 maior
1814 2959 1926 3001 pars,

171 3015 334 3058 scilicet
376 3017 429 3057 ab
475 3016 600 3059 initio
646 3017 699 3058 ad
736 3018 891 3060 Perias
934 3019 1036 3061 dicis
1073 3017 1140 3060 De
1180 3033 1324 3075 causa,
1368 3019 1408 3061 h.
1443 3035 1476 3061 6.
1514 3034 1554 3074 p.
1581 3020 1686 3072 211,
1712 3019 1780 3060 53.
1841 3015 1926 3058 Hic

169 3087 302 3130 codex
335 3113 389 3117 —
418 3087 521 3130 olim
552 3088 664 3130 libro
698 3088 906 3145 impresso
940 3089 1217 3144 adhaerebat,
1249 3091 1414 3133 scilicet
1451 3089 1652 3147 glossarii
1683 3087 1925 3132 Salomonis

170 3159 347 3201 editioni
389 3160 635 3202 monasterii
677 3159 715 3201 S.
756 3160 886 3203 Afrae
926 3165 968 3203 et
1005 3160 1196 3204 Udalrici
1240 3188 1291 3192 —
1332 3177 1591 3218 quamquam
1632 3160 1685 3203 ad
1721 3161 1925 3202 neutrum
