2164 3470
938 168 1212 205 PRAEFATIO
1902 168 1956 202 XI

198 285 298 338 post
331 282 541 324 iacturam
566 280 680 322 haud
712 294 888 336 parvam
920 281 1186 335 propagatus
1219 280 1284 320 est
1316 276 1690 333 Sangallensis3
1724 291 1774 317 ex
1808 276 1955 318 eodem

147 398 151 402 ,
199 354 325 396 fluxit
357 368 398 410 ε,
429 355 580 409 postea
610 352 754 394 nescio
788 350 1002 406 quomodo
1036 351 1237 392 turbatus
1267 349 1452 406 pristina
1483 348 1815 404 quaternionum
1847 362 1956 389 com-

198 441 309 483 page
366 425 523 468 soluta:
582 438 634 465 ex
684 423 766 464 hoc
817 421 999 476 denique
1051 421 1284 476 exemplari
1334 420 1501 463 codices
1551 419 1863 461 Harleianus
1915 422 1956 460 et

199 496 522 540 Monacensis
564 494 744 537 ducendi
784 497 895 536 sunt.
959 493 1279 536 Glossarium
1318 492 1476 536 codicis
1514 490 1783 533 Harleiani
1823 489 1957 547 (quod

198 584 286 612 non
324 567 458 625 edidi)
496 570 539 609 et
578 565 896 621 colloquium
934 568 1081 606 utrum
1118 565 1203 607 iam
1242 565 1287 607 in
1323 580 1352 607 x
1383 564 1452 607 vel
1483 579 1508 619 y
1548 562 1742 615 extiterit
1774 577 1828 603 an
1860 561 1905 603 in
1935 576 1957 604 z

199 641 372 683 demum
403 638 646 696 pervenerit
679 637 858 679 dubium
891 639 972 678 est:
1007 640 1051 678 at
1083 636 1190 677 illud
1221 637 1490 692 probabilius
1523 634 1733 677 existimo.

319 713 344 764 ξ
364 713 402 754 2.
434 710 503 753 Ad
527 711 880 752 hermeneumata
898 708 1124 750 Leidensia
1146 708 1340 763 proxime
1368 708 1575 750 accedunt
1595 721 1644 748 ea
1664 720 1847 761 quorum
1866 720 1959 761 par·

199 787 288 826 tem
314 783 500 826 servavit
527 782 683 824 codex
709 780 1084 836 Amplonianus
1109 779 1320 820 maximae
1345 780 1508 821 formae
1532 780 1586 821 10
1609 778 1959 820 membranaceus

200 855 358 898 saeculi
391 854 450 897 IX
459 889 470 910 7
509 869 593 910 quo
633 854 683 895 de
723 852 970 895 conferatur
1007 854 1205 893 accurata
1238 850 1463 893 Schumii
1504 849 1733 904 descriptio
1772 849 1959 905 catalogi

198 943 237 983 p.
275 929 340 970 11.
402 927 579 969 Praeter
623 925 707 967 alia
745 925 882 966 multa
921 939 1029 979 quae
1068 923 1121 965 ad
1158 937 1250 964 rem
1288 922 1617 979 grammaticam
1656 924 1851 976 spectant
1889 921 1959 963 hic

199 999 311 1041 liber
349 998 481 1041 etiam
518 999 871 1040 hermeneumata
907 996 1083 1038 exhibet
1115 995 1160 1037 in
1192 995 1263 1037 fol.
1301 995 1589 1037 mor—136⁰:
1629 1007 1811 1048 quorum
1843 993 1960 1048 prior

200 1086 300 1127 pars
344 1071 398 1112 ad
437 1070 631 1113 ordinem
670 1069 890 1125 alphabeti
930 1068 1139 1123 disposita
1178 1070 1243 1109 est
1282 1070 1325 1109 et
1363 1066 1499 1108 multa
1538 1064 1855 1121 coniugationis
1895 1079 1961 1106 ex-

201 1142 343 1198 empla
392 1142 589 1198 praebet,
640 1141 775 1183 altera
824 1140 1025 1196 capitulis
1070 1139 1275 1194 discripta
1317 1139 1570 1194 plerumque
1615 1136 1720 1179 satis
1766 1139 1960 1177 accurate

200 1214 431 1270 respondet
470 1214 531 1256 eis
570 1228 678 1269 quae
718 1216 867 1255 extant
904 1229 942 1268 p.
978 1214 1021 1267 7,
1050 1212 1243 1265 65—23,
1271 1212 1328 1253 24
1364 1210 1494 1252 huius
1530 1208 1742 1250 editionis.
1806 1207 1961 1250 Omnia

199 1286 348 1328 latinis
373 1285 533 1328 litteris
559 1285 719 1341 scripta
748 1288 859 1327 sunt.
910 1283 1209 1341 Apographon
1234 1282 1364 1324 huius
1388 1281 1489 1323 libri
1516 1280 1692 1335 reliquit
1712 1279 1915 1321 Loewiu
1926 1295 1960 1321 s:

201 1357 400 1414 plagulas
432 1357 570 1399 denuo
604 1372 701 1399 cum
733 1357 827 1412 ipso
861 1357 1004 1399 codice
1037 1354 1222 1398 contulit
1255 1353 1687 1396 Gundermannus.

320 1429 564 1471 Persimilia
596 1444 645 1471 ea
670 1429 858 1485 fuerunt,
892 1444 943 1470 ex
970 1427 1128 1483 quibus
1155 1428 1355 1480 excerpta
1382 1424 1590 1480 quaedam
1618 1422 1804 1465 servavit
1831 1423 1962 1465 codex

200 1501 469 1543 Parisinus
507 1501 579 1542 lat.
616 1502 729 1543 7683
769 1500 841 1558 (de
874 1501 915 1542 la
948 1500 1066 1541 Mare
1100 1499 1197 1541 594.
1231 1497 1397 1553 Regius
1429 1497 1556 1538 6116.
1589 1496 1636 1551 4)
1670 1496 1727 1537 49
1760 1494 1963 1536 foliorum

203 1572 528 1614 chartaceorum
561 1571 800 1615 Salmasii
834 1587 963 1614 manu
996 1570 1195 1626 scriptus,
1228 1569 1278 1610 de
1312 1583 1396 1624 quo
1430 1568 1480 1609 cf.
1508 1566 1631 1621 Corp.
1660 1565 1788 1622 gloss.
1816 1566 1897 1608 vol.
1924 1566 1964 1608 Π

202 1644 333 1699 praef.
366 1660 405 1699 p.
438 1642 541 1685 XIV
560 1659 618 1699 sq.
683 1643 888 1686 Continet
926 1646 1096 1699 praeter
1134 1656 1183 1683 ea
1221 1655 1329 1696 quae
1362 1639 1450 1681 illic
1483 1637 1813 1680 commemoravi
1848 1639 1892 1692 1)
1919 1638 1964 1680 in

203 1715 275 1758 fol.
298 1713 572 1758 24bisu——261'
597 1716 738 1758 varias
763 1715 971 1758 lectiones
997 1715 1041 1756 in
1068 1712 1331 1768 colloquium
1358 1710 1663 1753 scholasticum
1691 1710 1748 1766 (h.
1776 1724 1808 1751 e.
1836 1709 1962 1752 collo-

206 1786 355 1842 quium
380 1785 692 1843 Einsidlense);
725 1785 772 1843 2)
802 1787 845 1828 in
879 1786 950 1828 fol.
979 1786 1193 1828 27s—39u
1225 1784 1441 1839 eexcerpta
1474 1797 1525 1824 ex
1556 1781 1776 1823 veteribus
1807 1781 1963 1837 glossis

205 1857 267 1901 Ol.
294 1857 494 1899 Puteani'
526 1872 642 1899 mere
674 1858 839 1913 latinis3
873 1855 919 1914 3)
952 1857 997 1898 in
1029 1856 1100 1898 fol.
1131 1856 1345 1897 40r—41u
1376 1854 1466 1897 sine
1494 1853 1773 1909 inscriptione
1800 1853 1963 1895 herme-

202 1932 406 1972 neumata
431 1929 725 1986 latinograeca
751 1930 815 1988 (in
838 1929 906 1970 his
933 1928 1063 1970 etiam
1083 1927 1375 1984 fragmentum
1398 1926 1587 1969 eiusdem
1608 1925 1823 1980 colloquii,
1850 1925 1964 1980 quod

204 2002 249 2044 in
276 2001 419 2043 codice
443 2001 677 2043 Harleiano
705 2005 786 2043 est:
813 2001 1065 2055 ‘praeductal
1092 1999 1379 2052 παράγραφοε
1406 1998 1449 2039 111
1480 2012 1674 2039 sermone
1701 1996 1962 2052 quotidiano.

204 2088 325 2128 sume
347 2087 457 2127 puer
487 2074 589 2127 quid
618 2075 728 2116 sedes
761 2073 853 2116 tolle
885 2072 1008 2115 libros
1039 2084 1177 2113 omnes
1209 2071 1361 2113 latinos
1390 2070 1650 2112 membranas
1676 2072 1711 2111 et
1733 2069 1965 2123 puyillares

203 2149 240 2189 et
274 2146 460 2188 locellum
489 2149 528 2187 et
543 2146 853 2200 praeductalem
880 2144 924 2186 in
951 2142 1121 2200 graeco’
1149 2157 1180 2183 e.
1209 2157 1246 2197 q.
1274 2157 1323 2184 s.:
1355 2142 1467 2183 unde
1493 2141 1651 2197 pendet
1684 2139 1965 2182 Salmasius

205 2216 394 2259 Exercit.
426 2216 535 2258 Plin.
568 2232 606 2272 p.
635 2216 760 2272 917);
798 2214 846 2273 4)
879 2216 924 2257 in
955 2214 1028 2257 fol.
1061 2215 1278 2256 ΔΕΓ-4711
1311 2216 1527 2268 excerpta,
1566 2212 1615 2253 de
1649 2212 1806 2267 quibus
1838 2226 1964 2268 agere

207 2288 437 2344 coepimus.
487 2288 594 2330 Pars
626 2291 926 2344 excerptorum
959 2286 1011 2328 ad
1044 2285 1232 2341 capitula
1266 2287 1447 2341 spectat:
1480 2286 1528 2328 cle
1556 2284 1715 2339 semeis,
1747 2297 1795 2326 ex
1827 2285 1885 2326 tit.
1918 2285 1966 2326 de

205 2360 418 2415 fictilibus,
449 2361 497 2402 de
527 2361 711 2415 scorteis,
742 2361 790 2402 de
820 2360 988 2412 studiis,
1021 2359 1068 2400 de
1099 2359 1347 2414 artificibus,
1379 2359 1427 2400 de
1457 2356 1689 2407 arboribus,
1721 2356 1768 2397 de
1800 2355 1967 2410 militia,

207 2433 255 2474 de
285 2432 570 2486 nauiyatione‚
607 2433 656 2474 de
686 2433 903 2475 medicina.
965 2430 1034 2473 Ex
1067 2429 1255 2486 capitulo
1288 2431 1336 2473 de
1364 2430 1512 2483 ferreis
1543 2428 1649 2470 haec
1680 2426 1818 2483 petita
1850 2429 1966 2468 sunt:

842 2505 1007 2546 Acmzm
1038 2504 1340 2555 ferramentum

841 2574 975 2628 Sfura
1005 2575 1151 2616 incude

843 2643 1294 2702 Mylocopon‘malleus

845 2718 979 2761 Scalis
1011 2717 1214 2759 marelum

850 2789 1022 2843 Ypetion
1054 2789 1267 2830 sarculum
1390 2796 1410 2826 5

847 2860 1028 2903 Smilion
1058 2860 1178 2902 subla

848 2932 1026 2986 Grafion
1054 2932 1238 2986 qrafi'um

844 3004 1087 3046 Machmon
1119 3004 1325 3045 cultellum

214 3074 430 3130 Septimae
468 3074 636 3130 glossae
672 3074 1105 3131 interpretamentum
1136 3089 1214 3129 pro
1249 3074 1497 3117 Scarcellam
1531 3075 1770 3114 correctum
1802 3073 1883 3124 est3
1921 3069 1965 3109 in

213 3146 270 3202 gl.
306 3148 418 3194 1—-6
464 3145 847 3201 interpretamenta
890 3147 943 3188 ad
988 3145 1283 3187 antecedentia
1325 3145 1529 3186 lemmata
1570 3158 1736 3199 semper
1774 3143 1964 3196 spectare
