2164 3470
154 182 185 216 X
891 174 1166 211 PRAEFATIO

155 291 280 333 modo
330 290 489 332 librum
539 287 736 330 Dosithei
788 285 896 343 (scil.
943 283 1048 342 902)
1099 286 1337 327 enumerat:
1389 285 1440 327 cf.
1491 284 1907 327 Krumbacherus

154 364 179 405 l.
208 379 237 405 s.
267 379 297 405 s.
323 379 362 418 p.
391 364 487 405 349.
516 387 569 390 —
597 360 738 402 Huius
771 358 905 414 igitur
936 357 1038 399 libri
1071 357 1346 400 collationem
1379 356 1486 398 mihi
1519 356 1697 398 tradidit
1728 356 1906 399 Krum-

124 435 424 487 -bacherus⁷
476 433 547 488 qui
599 447 694 473 cum
740 430 863 471 initio
909 428 1040 470 etiam
1084 429 1271 471 minores
1318 428 1625 484 discrepantias
1669 427 1908 470 notavisset

156 509 306 561 postea
351 503 657 559 discrepantias
700 516 814 543 mere
862 500 1218 556 orthographicas
1261 501 1513 557 plerumque
1558 499 1768 556 neglexit:
1816 499 1908 555 ipse

158 578 249 619 eius
288 577 489 618 adnotata
527 574 710 616 fideliter
748 572 956 628 expressi,
994 571 1077 614 nisi
1117 572 1231 627 quod
1269 571 1521 628 compendia
1558 571 1785 614 usitatiora
1816 570 1908 613 imi-

158 649 239 690 tari
272 648 401 689 nolui.

278 719 416 761 Multo
462 718 671 759 minorem
714 717 1097 758 hermeneumaton
1134 718 1301 771 partem
1339 715 1415 773 (=
1443 731 1482 771 p.
1510 716 1585 770 26,
1610 717 1806 770 49-37,
1832 713 1910 772 55)

160 791 344 834 servavit
388 790 519 832 codex
564 788 885 831 Monacensis
929 787 1001 829 lat.
1042 788 1124 829 601
1167 785 1225 844 (c)
1269 788 1618 830 membranaceus
1662 786 1820 829 saeculi
1858 786 1911 841 X,

160 863 263 905 olim
285 861 559 915 Schedelii,
580 861 625 902 in
645 875 729 915 quo
749 862 919 915 praeter
940 858 1180 901 Dosithei
1201 858 1527 915 grammaticam
1547 859 1677 901 etiam
1697 858 1910 900 Pseudo-

161 935 463 977 dositheana
500 934 916 975 hermeneumata
955 932 1093 973 inesse
1132 934 1230 986 post
1272 930 1547 973 Ruehlium
1578 931 1604 972 l.
1638 946 1668 973 s.
1702 946 1732 972 s.
1766 930 1912 972 docuit

164 1006 392 1048 Loewius
422 1005 569 1047 Prodr.
601 1021 640 1059 p.
668 1005 765 1046 207.
829 1003 1038 1045 Accurate
1076 1002 1278 1044 tractavit
1317 1002 1506 1044 codicem
1543 1002 1747 1044 Keilius
1779 1003 1911 1058 praef.

161 1095 199 1134 p.
243 1080 346 1132 366,
397 1077 517 1118 cuius
561 1077 665 1118 haec
711 1078 810 1117 sunt
855 1075 1002 1117 verba:
1055 1075 1129 1116 ‘ad
1173 1075 1354 1117 eundem
1398 1074 1608 1116 codicem'
1653 1073 1713 1131 (h.
1761 1089 1793 1116 e.
1839 1073 1912 1130 qui

162 1149 420 1191 Dositheum
447 1145 640 1202 exhibet)
662 1147 919 1201 ‘pertinebat
946 1146 982 1188 is
1009 1146 1234 1201 quaternio
1262 1146 1335 1201 qui
1361 1161 1474 1187 nunc
1500 1148 1598 1187 ante
1625 1145 1722 1187 illos
1745 1145 1913 1201 positus

163 1225 227 1263 est
253 1221 324 1263 fol.
353 1221 540 1274 59—-66‚
572 1219 644 1274 qui
678 1219 722 1260 in
756 1221 946 1260 extrema
976 1218 1136 1274 pagina
1168 1218 1375 1273 scriptum
1407 1218 1538 1259 habet
1563 1231 1791 1259 numerum
1816 1216 1912 1259 VII.

165 1294 206 1335 in
244 1294 325 1335 hoc
363 1291 521 1346 scripta
559 1293 623 1332 est
661 1290 813 1332 ultima
852 1306 951 1345 pars
990 1290 1250 1346 glossarum,
1289 1304 1396 1344 quae
1433 1292 1533 1331 sunt
1565 1289 1610 1330 in
1644 1288 1914 1345 Sangallensi

163 1365 306 1407 codice
339 1379 434 1405 cum
465 1362 603 1418 prima
634 1365 754 1417 parte
782 1361 1093 1404 sententiarum
1121 1364 1162 1403 et
1189 1361 1471 1417 epistularum
1497 1360 1717 1415 Hadriani,
1750 1375 1914 1413 αρουρα

163 1450 270 1490 seycs
302 1450 436 1477 (ταας
467 1436 580 1489 spica
607 1460 661 1464 —
690 1438 898 1487 υδρεχοοε
930 1435 1132 1488 aquarius
1165 1439 1319 1485 αχθυεε
1338 1434 1482 1486 pisces.
1535 1438 1776 1484 Θαυμαετον
1804 1446 1915 1475 εετιν

165 1509 405 1550 υιὶναηᾱιιυι
447 1510 504 1548 est
547 1521 612 1548 και
652 1512 871 1548 εποιινιτον
909 1509 947 1547 et
984 1506 1244 1547 laudandum
1275 1529 1333 1535 —-
1369 1507 1497 1557 βλεπε
1538 1518 1616 1546 ουν
1653 1504 1748 1546 uide
1785 1504 1914 1558 igitur

167 1593 385 1630 ιναταχιον
417 1582 463 1619 uz}
492 1578 658 1620 celerius
690 1577 859 1619 Dosith.
893 1577 955 1618 ed.
988 1576 1143 1618 Boeck.
1176 1593 1215 1631 p.
1251 1575 1333 1618 ⁸20?
1397 1576 1523 1617 Hunc
1556 1589 1724 1630 quoque
1756 1574 1916 1616 librum

167 1651 270 1692 olim
298 1648 619 1705 Sangallensem
651 1648 783 1690 fuisse
817 1651 859 1690 et
886 1648 1054 1690 saeculo
1083 1648 1163 1689 XV
1190 1648 1234 1689 in
1261 1662 1435 1689 manum
1461 1646 1719 1688 Schedelii
1747 1645 1917 1702 patricii

167 1720 544 1777 Norimbergensis
583 1719 748 1762 venisse
787 1719 1025 1775 probabilis
1059 1722 1123 1761 est
1155 1718 1527 1760 Krumbacheri
1560 1717 1821 1760 coniectura:
1866 1718 1916 1759 cf.

168 1795 192 1835 l.
227 1810 256 1835 s.
290 1809 319 1835 s.
352 1809 390 1847 p.
424 1793 521 1834 349.
584 1791 757 1833 Partem
796 1791 1038 1847 glossarum
1076 1790 1490 1832 Krumbacherus
1529 1804 1624 1831 cum
1669 1789 1918 1846 apographo

171 1881 245 1907 suo
279 1863 569 1920 Sangallensis
602 1863 758 1905 codicis
791 1863 1049 1905 contulerat:
1083 1877 1162 1918 ego
1196 1862 1338 1917 ipsum
1371 1861 1560 1903 codicem
1592 1857 1784 1902 adhibui

288 1936 351 1978 De
396 1934 562 1976 ratione
607 1950 714 1989 quae
759 1934 871 1976 inter
914 1934 993 1975 hos
1036 1933 1172 1975 libros
1209 1933 1437 1975 intercedit
1475 1932 1646 1990 egregie
1685 1932 1921 1989 disputavit

168 2006 582 2050 Krumbacherus
632 2006 819 2061 primum
865 2004 1179 2047 dissertationis
1223 2019 1319 2061 pag.
1358 2005 1415 2047 35
1437 2019 1526 2059 sqq.
1570 2006 1665 2045 tum
1709 2003 1770 2046 eis
1814 2018 1920 2059 quas

169 2076 499 2121 commemoravi
534 2076 987 2132 commentationibus3
1020 2091 1147 2132 quem
1179 2076 1224 2119 in
1250 2076 1497 2118 universum
1524 2077 1694 2118 secutus
1720 2075 1802 2117 hoc
1828 2090 1920 2118 esse

172 2154 352 2193 stemma
384 2162 554 2189 moneo:

1035 2221 1056 2241 X

1073 2274 1108 2307 χ»,

468 2770 548 2805 cod.
570 2770 681 2814 Sang.
779 2770 861 2808 cod.
881 2769 983 2804 Harl.
1084 2769 1163 2803 cod.
1185 2768 1330 2802 Monac.
1454 2765 1535 2801 cod.
1554 2763 1655 2800 Leid.
1679 2764 1784 2800 Voss.

182 2866 452 2921 Archetypus
494 2881 523 2908 ,τ
569 2869 713 2908 utrum
758 2866 1018 2908 continuerit
1060 2864 1366 2907 Dositheum
1409 2878 1541 2905 necne
1587 2861 1797 2903 incertum
1841 2862 1923 2914 est3

180 2938 322 2993 potuit
362 2938 403 2979 in
436 2954 463 2980 a
499 2953 585 2979 non
625 2938 765 2979 minus
804 2937 945 2979 omitti
979 2938 1106 2991 quam
1139 2935 1233 2976 addi
1267 2935 1311 2976 in
1342 2950 1378 2990 y.
1441 2934 1506 2976 De
1538 2948 1564 2975 (ι
1596 2947 1681 2975 non
1713 2934 1778 2974 est
1809 2931 1923 2986 quod

181 3009 348 3050 addam:
382 3009 492 3050 unde
525 3009 596 3064 qui
627 3008 896 3064 transcripsit
916 3007 1171 3063 Vossianu
1183 3022 1221 3046 m
1248 3021 1351 3047 num
1379 3006 1508 3047 etiam
1535 3004 1824 3045 additamenta
1849 3001 1924 3043 illa

183 3080 252 3123 (cf.
280 3097 317 3136 p.
338 3079 464 3137 VIII)
490 3080 663 3135 petierit
690 3095 743 3121 an
770 3079 939 3121 aliunde
965 3078 1123 3119 habeat
1150 3077 1192 3118 in
1219 3077 1358 3119 medio
1379 3077 1585 3131 relinquo.
1635 3074 1703 3116 Ex
1725 3072 1866 3115 codice
1886 3087 1923 3127 y,

183 3153 225 3195 in
240 3167 324 3208 quo
339 3151 523 3208 priorem
538 3151 680 3194 locum
695 3151 880 3193 tenuitD
891 3166 913 3193 o
925 3150 1026 3192 sith
1037 3164 1139 3204 eus,
1153 3144 1923 3204 posterioremPseudodositheus‚
