2271 3505
685 164 1005 208 COLLOQVIVM
1031 166 1535 203 MONTEPESSVLANVM
1905 169 1994 212 655

285 289 349 326 τα,
383 275 580 318 ἐπιδείξω
612 289 686 326 ςοι,
720 276 885 327 τέκνον,
919 276 984 318 ὅτι
1015 278 1091 319 οὐκ

285 347 369 389 ἕςτι
401 350 478 389 τοῦ
511 346 721 398 τυχόντος
754 346 988 399 ἀνθρώπου
1019 363 1090 391 κα-

284 422 500 472 ταλαβεῖν,
525 418 638 460 ἀλλὰ
657 421 1004 471 πεπαιδευμένου
1026 423 1093 463 καὶ

286 490 580 543 εὐφυεςτάτου
620 489 729 533 εἶναι
773 491 959 544 μάθηςιν.
1024 494 1094 535 διὰ

284 566 415 605 τοῦτο
454 563 602 605 τοίνυν
643 576 705 605 ςοι
746 565 912 613 μᾶλλον
945 569 1006 620 τῷ
1040 567 1092 617 μὴ

287 635 419 677 εἰδότι
452 637 584 687 μηδὲν
617 636 890 687 διηγήςαςθαι
921 637 1092 688 ἐκθήςο-

285 722 368 759 μαι.
417 707 539 760 χρεία
562 707 642 749 οὖν
664 707 726 749 ςοί
748 708 860 749 ἐςτιν
881 707 907 748 ἃ
929 722 1093 759 παραγ-

285 781 446 830 γέλλω·
509 778 635 831 ἀκοή,
697 781 854 832 μνήμη,
914 780 1093 831 διάνοια,

284 853 403 904 τριβὴ
444 853 702 904 καθημερινὴ
736 852 934 904 τεχνίτην
968 855 1094 894 ποιεῖ.

284 927 415 966 τοῦτο
456 927 621 979 ςεαυτῶ
655 924 731 966 ἐὰν
766 924 998 979 παράςχῃς,
1032 939 1093 976 μι-

287 998 412 1038 ςθοὺς
452 997 630 1038 δύναςαι
669 1000 832 1048 μαθεῖν.
897 997 975 1038 δύο
1016 996 1095 1038 οὖν

285 1069 386 1111 εἰςιν
438 1068 651 1120 πρόςωπα
696 1069 749 1110 τὰ
794 1068 1094 1120 διαλεγόμενα,

284 1141 371 1191 ἐγὼ
424 1142 491 1182 καὶ
543 1142 600 1182 ςύ.
667 1142 713 1182 ςὺ
766 1139 806 1183 εἶ
855 1140 879 1182 ὁ
931 1142 1095 1193 ἐπερω-

283 1216 393 1267 τῶν,
445 1214 535 1264 ἐγὼ
592 1213 939 1265 ἀποκριθήςομαι.
1010 1213 1095 1264 πρὸ

284 1286 449 1328 παντὸς
494 1285 574 1328 οὖν
619 1285 882 1337 ἀναγίνωςκε
927 1287 1096 1338 τρανῶς

286 1355 490 1415 (ςαφῶς).

254 1488 262 1496 .
293 1453 458 1497 Ἡδέως
493 1468 535 1497 ςε
570 1454 699 1497 εἶδον.
737 1455 811 1496 Καὶ
845 1455 932 1504 ἐγὼ
967 1455 1021 1497 ςὲ.

253 1585 262 1592 .
313 1551 385 1593 Τίς
439 1552 583 1603 κρούει
634 1554 712 1604 τὴν
761 1552 914 1605 θύραν;
964 1551 1093 1602 Παρὰ

284 1624 410 1666 Γαΐου
450 1624 560 1675 πρὸς
598 1624 792 1665 Λούκιον.
860 1623 896 1665 εἰ
937 1623 1090 1666 ἐνθάδε

283 1696 414 1747 ἐςτίν,
449 1694 666 1746 ἄγγειλον.
729 1695 943 1746 Πάρεςτιν
976 1696 1093 1747 παρὰ

285 1769 310 1810 Γ
314 1769 424 1810 α’ῖου.
489 1766 731 1820 Ἐρώτηςον
783 1767 930 1810 αὐτόν.
965 1792 1019 1797 —
1054 1768 1091 1808 τί

283 1840 414 1892 ἕςτιν,
455 1840 703 1894 παιδάριον,
750 1839 893 1881 πάντα
932 1843 1091 1893 καλῶς;

285 1913 377 1965 Ναί,
398 1914 527 1964 κύριε.
562 1912 757 1964 ἔπεμψέν
779 1926 841 1954 ςοι
863 1913 1091 1964 ἑπιςτολὴν

283 1986 639 2038 ἐςφραγιςμένην.
713 1984 825 2041 Δός,
901 1984 1091 2035 ἀναγνῶ.

286 2057 480 2110 ἔγραψέν
508 2072 577 2109 μοι
604 2059 702 2109 περὶ
728 2060 805 2099 τοῦ
827 2057 1090 2109 πράγματος.

284 2132 489 2186 πορεύου,
523 2130 764 2182 παιδάριον,
792 2130 860 2171 καὶ
887 2128 1091 2180 ἄγγειλον

283 2202 348 2245 ὅτι
370 2203 559 2255 ἔρχομαι.
611 2202 711 2244 δότε
735 2216 804 2254 μοι
826 2202 1090 2255 ὑποδήματα.

284 2276 391 2327 φέρε
441 2275 558 2326 ὕδωρ
605 2275 664 2317 εἰς
710 2274 824 2327 ὄψιν.
890 2275 966 2317 δὸς
1011 2278 1090 2318 ζω-

284 2347 401 2389 ςτόν·
443 2346 582 2390 ζῶςόν
621 2361 682 2398 με.
747 2348 822 2390 δὸς
862 2349 1091 2400 τήβεννον·

283 2418 487 2470 περίβαλε
535 2433 596 2470 με.
661 2419 735 2461 δὸς
781 2419 978 2472 φελόνην
1025 2421 1091 2461 καὶ

284 2491 548 2533 δακτυλίους.
612 2491 650 2532 τί
696 2493 875 2544 ςτήκεις,
928 2492 1092 2546 ἑταῖρε,

283 2562 392 2616 ἆρον
443 2564 497 2605 τὰ
548 2563 669 2615 χρεία
720 2562 827 2606 ὄντα
880 2566 948 2606 καὶ
993 2566 1090 2608 ἐλθὲ

284 2635 379 2687 μετ’
417 2637 536 2688 ἐμοῦ.
601 2636 772 2678 ςπεύδω
813 2637 922 2688 πρὸς
959 2637 1092 2689 φίλον

282 2707 486 2761 ἀρχαῖον,
520 2709 798 2760 ςυγκλητικὸν
826 2710 962 2761 δήμου
988 2709 1091 2751 Ῥω-

283 2781 439 2833 μαίων,
484 2779 596 2822 ὅςτις
636 2779 723 2822 ἀπὸ
755 2780 979 2832 Ῥωμύλου
1019 2796 1091 2823 κα-

282 2852 403 2904 τάγει
436 2853 487 2894 τὸ
519 2854 661 2905 γένος,
695 2852 781 2895 ἀπὸ
809 2852 974 2905 Τρώων
1003 2856 1092 2896 τῶν

281 2925 532 2968 Αἰνειαδῶν.

219 3020 259 3064 5.
292 3020 509 3069 Ἐπιθυμῶ
549 3025 700 3071 μαθεῖν
737 3023 964 3066 διάλεκτον
996 3022 1087 3066 Ἀτ-
1128 3023 1166 3065 5.

279 3095 410 3145 τικήν,
444 3094 637 3146 ἐπιθυμῶ
671 3095 780 3137 λίαν.
825 3095 923 3137 Ὅτι
949 3097 1087 3139 θέλεις

284 3165 426 3218 ῥήτωρ
442 3164 822 3224 εἶναι(δικολόγος,
834 3169 1088 3221 δημηγόρος,

1189 292 1277 326 non
1323 280 1387 319 est
1414 277 1663 320 cuiuslibet
1701 279 1891 322 hominis
1932 280 1998 321 de-

1190 349 1474 405 prehendere,
1519 350 1593 392 sed
1637 350 1752 392 docti
1797 354 1840 393 et
1882 351 1998 408 inge-

1191 421 1303 463 niosi
1362 437 1454 464 esse
1508 422 1759 464 doctrinam.
1822 426 2001 479 propter

1192 493 1273 535 hoc
1307 494 1438 535 etiam
1470 494 1552 536 tibi
1586 494 1726 551 magis
1760 494 1833 550 qui
1859 495 2000 537 nescis

1192 565 1303 606 nihil
1343 566 1562 622 disputare
1605 582 1828 623 exponam.
1893 582 2000 623 opus

1194 652 1297 693 ergo
1354 638 1435 680 tibi
1488 642 1553 680 est
1606 655 1715 695 quae
1764 639 2000 695 praecipio:

1195 709 1385 764 auditus,
1425 711 1653 767 memoria,
1693 726 1864 766 sensus,
1897 726 2000 753 usus

1195 781 1436 824 cotidianus
1486 783 1695 826 artificem
1739 783 1854 825 facit.
1917 783 2000 825 hoc

1194 852 1275 894 tibi
1340 854 1373 894 si
1432 855 1720 912 praestiteris,
1783 857 2000 898 mercedes

1194 929 1318 980 potes
1363 926 1536 968 discere.
1602 928 1709 969 duae
1756 944 1858 985 ergo
1899 932 1999 970 sunt

1193 1013 1402 1053 personae
1437 1014 1544 1054 quae
1579 1000 1814 1056 disputant,
1848 1016 1928 1058 ego
1957 1004 1999 1043 et

1195 1072 1253 1111 tu.
1318 1073 1364 1112 tu
1407 1086 1452 1112 es
1495 1072 1569 1127 qui
1609 1072 1870 1129 interrogas,
1916 1089 1996 1130 ego

1194 1143 1475 1197 respondebo.
1541 1147 1639 1186 ante
1699 1145 1843 1186 omnia
1895 1160 2000 1201 ergo

1194 1214 1290 1271 lege
1325 1215 1436 1257 clare
1471 1215 1682 1274 (diserte).

1133 1458 1170 1497 3.
1206 1456 1412 1498 Libenter
1446 1460 1487 1497 te
1522 1457 1621 1498 uidi.
1686 1457 1745 1499 Et
1779 1473 1860 1515 ego
1893 1462 1946 1500 te.

1164 1588 1170 1593 .
1204 1552 1310 1602 Quis
1342 1553 1487 1608 pulsat
1521 1553 1711 1596 ostium?
1744 1555 1784 1595 A
1812 1554 1919 1596 Gaio
1947 1555 2000 1596 ad

1192 1624 1385 1667 Lucium.
1420 1625 1454 1667 si
1480 1625 1549 1667 hic
1571 1630 1648 1681 est,
1668 1626 1832 1668 nuntia.
1867 1626 1999 1668 Venit

1192 1713 1216 1738 a.
1243 1696 1362 1739 Gaio.
1407 1698 1530 1755 Roga
1557 1698 1691 1741 illum.
1717 1724 1766 1728 —
1792 1699 1895 1754 quid
1922 1702 1999 1755 est,

1190 1776 1326 1825 puer?
1373 1770 1517 1812 omnia
1550 1771 1695 1812 recte?
1736 1772 1895 1827 Etiam,
1929 1772 1998 1814 do-

1192 1842 1317 1883 mine.
1352 1842 1470 1884 misit
1499 1843 1579 1884 tibi
1602 1843 1834 1898 epistulam
1855 1844 1996 1901 signa-

1191 1918 1290 1955 tam.
1325 1914 1392 1956 Da
1419 1914 1573 1971 legam.
1609 1915 1783 1971 scripsit
1810 1916 1917 1958 mihi
1945 1917 1996 1958 de

1190 1986 1381 2043 negotio.
1447 1987 1572 2040 uade,
1612 2003 1737 2044 puer,
1771 1992 1814 2030 et
1845 1989 1999 2030 nuntia

1191 2058 1396 2114 quoniam
1436 2059 1573 2101 uenio.
1639 2060 1736 2101 date
1776 2061 1882 2103 mihi
1917 2061 1997 2103 cal·

1191 2130 1413 2173 ciamenta.
1448 2132 1567 2173 adfer
1587 2147 1742 2188 aquam
1763 2133 1816 2174 ad
1834 2149 1996 2176 manus.

1192 2203 1244 2244 da
1302 2203 1563 2246 subarmale:
1621 2205 1746 2261 cinge
1800 2221 1879 2247 me.
1944 2206 1997 2248 da

1191 2278 1357 2332 togam:
1380 2276 1497 2331 operi
1520 2292 1599 2318 me.
1628 2277 1681 2318 da
1700 2277 1930 2332 paenulam
1953 2281 1995 2319 et

1191 2347 1354 2389 anulos.
1401 2348 1504 2403 quid
1532 2353 1634 2403 stas,
1668 2349 1857 2391 sodalis?
1890 2350 1994 2391 tolle

1191 2434 1300 2474 quae
1334 2435 1442 2475 opus
1475 2424 1575 2462 sunt
1609 2424 1651 2463 et
1684 2421 1783 2462 ueni
1816 2436 1995 2463 mecum.

1191 2492 1350 2534 festino
1409 2493 1461 2534 ad
1518 2493 1703 2535 amicum
1758 2494 1997 2550 antiquum,

1192 2568 1435 2606 senatorem
1480 2565 1629 2621 populi
1674 2565 1878 2622 Romani,
1923 2567 1996 2622 qui

1191 2652 1215 2677 a
1272 2637 1457 2679 Romulo
1525 2638 1698 2680 deducit
1754 2654 1909 2695 genus,
1972 2655 1997 2680 a

1191 2708 1389 2750 Troianis
1422 2709 1734 2754 Aeneadarum.

1195 3021 1332 3079 Cupio
1352 3022 1514 3066 discere
1533 3039 1775 3067 sermonem
1786 3024 1995 3081 Atticum,

1189 3095 1314 3150 cupio
1342 3095 1478 3138 ualde.
1522 3096 1735 3147 Quoniam
1761 3097 1828 3139 uis
1849 3101 1994 3140 orator

1189 3183 1281 3209 esse
1297 3168 1569 3226 (causidicus,
1581 3170 1853 3226 dicentarius,
1864 3173 1995 3227 actor,
