2271 3505
809 177 1084 222 COLLOQVIA
1109 178 1430 215 MONACENSIA
1916 177 2004 221 653

293 292 346 342 μὴ
399 292 547 333 ζεςτὸν
591 290 694 341 μήτε
740 289 935 340 χλιαρόν,
989 289 1100 331 ἀλλὰ

295 361 580 414 ςυγκεραςτὸν
635 361 704 402 καὶ
761 359 883 412 ἔκχεε
935 362 1099 403 ἐκεῖθεν

293 434 456 484 ὀλίγον.
534 432 637 486 βάλε
701 432 843 484 νερόν.
918 433 1100 484 πρόςθες

293 505 494 558 ἄκρατον.
558 505 598 547 τί
631 506 821 559 ςτήκετε;
862 506 1097 548 καθέζεςθε.

293 579 370 621 ἐὰν
422 580 591 630 θέλητε,
645 577 941 629 ἀναπέςωμεν.
1003 578 1101 619 Ποῦ

292 651 500 706 κελεύεις;
541 649 615 692 Ἐν
648 650 808 704 πρώτῳ
841 649 963 704 τόπῳ
997 649 1100 690 ἀνά-

293 737 406 766 πεςε.
457 722 557 766 δόθ’
584 723 685 775 ἡμῖν
718 722 978 774 ὑδρόγαρον.
1027 723 1102 763 δὸς

292 796 392 848 ἡμῖν
436 796 662 846 γεύςαςθαι
708 795 900 846 μολόχας
944 793 1101 837 Ζεςτάς.

293 868 442 910 ἐπίδος
464 882 533 919 μοι
554 867 863 920 χειρεκμάγιον.
891 866 1100 918 κομίςατε.

295 940 397 994 βάλε
419 940 682 992 ἐλαιόγαρον
704 940 763 982 εἰς
784 940 834 982 τὸ
849 939 1100 992 ὀξυβάφιον.

293 1015 466 1065 μέριςον
517 1013 570 1054 τὰ
620 1013 784 1064 ὀνύχια.
850 1012 1102 1063 κατάκοψον

292 1086 512 1137 κοιλίδιον,
540 1087 728 1138 πλεκτὴν
748 1086 792 1128 ἐξ
814 1086 984 1127 ὕδατος.
1027 1085 1102 1138 ἰδέ,

296 1158 331 1200 εἰ
383 1157 495 1210 ἔχεις
548 1158 808 1210 πεπεράτον.
878 1157 1101 1210 ἐπίβαπτε.

295 1231 482 1283 Χρῶμαι.
531 1232 641 1283 Χρῶ.
681 1232 756 1273 δὸς
785 1231 976 1272 ςυκωτὸν
1003 1244 1099 1281 τρυ-

292 1303 443 1356 φερόν,
477 1304 635 1355 κίχλας,
666 1303 929 1354 καλλίκρεας,
957 1303 1100 1354 θρίδα-

291 1390 379 1418 κας.
444 1376 504 1418 εἷς
543 1377 587 1419 ἐξ
627 1376 747 1428 ὑμῶν
786 1375 919 1427 ἄρτον
958 1374 1101 1417 κλάςει

292 1450 362 1491 καὶ
406 1448 439 1490 'c
490 1448 704 1490 κανίςκιον
749 1448 929 1491 εἰςοίςει.

290 1521 411 1564 τάξιν
444 1521 650 1573 παράδος.
716 1521 874 1563 κλάςον
908 1521 1101 1572 ψωμούς.

291 1595 566 1646 δειπνήςατε·
598 1593 772 1635 πάντως
796 1595 962 1636 ἐκεῖνος
985 1592 1100 1635 ἄξιός

292 1666 404 1708 ἔςτιν
444 1665 552 1718 παρ’
584 1667 685 1718 ἡμῖν
728 1669 959 1718 δειπνῆςαι.
1025 1666 1100 1706 δὸς

292 1739 498 1790 ταρίχιον,
532 1739 708 1791 τριχίας,
743 1738 879 1790 λόβια,
913 1736 1100 1789 ὄρμενον

292 1812 398 1864 μετὰ
435 1810 573 1862 γάρου
613 1812 680 1853 καὶ
719 1810 868 1852 ἔλαιον
911 1810 1101 1861 Σπανόν,

291 1883 597 1938 γογγυλωτόν,
631 1882 753 1934 ὄρνιν
787 1883 942 1937 ὀπτήν,
975 1885 1100 1934 ψιλή-

292 1959 460 2008 πλευρα
494 1956 564 1997 διὰ
589 1958 746 2007 ζωμοῦ,
779 1954 972 2008 τεμάχια,
1006 1956 1100 1997 δέλ-

293 2043 413 2081 φακα
440 2028 588 2070 ὀπτόν.
642 2028 713 2070 aec
733 2028 812 2069 τὸν
833 2027 976 2069 δίςκον
997 2028 1102 2079 μετὰ

291 2101 532 2153 τρωξίμων,
581 2100 826 2152 ῥαφάνους,
871 2100 1100 2152 ἡδύοςμον,

293 2174 440 2216 ἐλαίας
470 2173 623 2215 λευκὰς
644 2173 713 2214 καὶ
733 2173 865 2224 τυρὸν
887 2172 1101 2224 νεαρόπα-

294 2260 411 2298 ςτον,
445 2245 588 2297 οἶδνα,
623 2246 767 2298 μύκας.
820 2248 911 2287 τοῖς
944 2244 1100 2297 ὑπηρε-

293 2320 463 2371 τήςαςιν
515 2318 615 2360 δότε
663 2321 884 2370 δειπνῆςαι
930 2318 997 2359 καὶ
1043 2321 1103 2372 τῷ

295 2390 485 2446 μαγείρῳ
519 2391 587 2432 καὶ
620 2391 890 2444 τραγήματα,
930 2389 997 2431 ὅτι
1031 2404 1101 2431 κα-

295 2465 381 2504 λῶς
408 2462 691 2515 ὑπηρέτηςαν.
755 2462 855 2504 δότε
892 2462 1009 2514 ὕδωρ
1044 2462 1103 2504 εἰς

296 2539 455 2588 χεῖρας.
497 2534 743 2587 κατάμαξον
770 2536 848 2587 τὴν
874 2534 1103 2587 τράπεζαν.

295 2608 427 2663 <δὸς>
443 2607 710 2660 πρόςφατον.
745 2607 820 2649 δὸς
835 2606 1103 2658 ἁπλοπότην,

296 2682 372 2723 δὸς
417 2679 623 2733 ἄκρατον,
668 2679 836 2730 πίωμεν
881 2679 1012 2731 νερὸν
1058 2679 1104 2720 ἐκ

295 2756 375 2796 τοῦ
416 2752 646 2806 βαυκιδίου.
709 2753 891 2803 κέραςον
933 2751 1102 2803 θερμόν.

297 2825 368 2868 Εἰς
418 2826 469 2867 τὸ
521 2828 686 2881 μεῖζον;
738 2824 808 2866 Εἰς
859 2824 910 2865 τὸ
955 2824 1104 2875 μικρὸν

295 2899 448 2950 ἡδέως.
510 2897 670 2941 ἐλπίζω
720 2897 802 2948 γὰρ
854 2896 922 2938 καὶ
967 2895 1104 2947 ἄλλην

297 2973 407 3013 πεῖν.
471 2968 574 3012 Ἐὰν
617 2970 866 3024 ἐπιτρέπῃς,
904 2968 1103 3021 προπίνω

298 3055 392 3085 ςου·
434 3044 576 3084 καλῶς
609 3041 858 3097 λαμβάνεις;
889 3039 997 3083 Ἀπὸ
1030 3044 1104 3083 cos)

297 3115 448 3167 ἡδέως.
511 3115 600 3156 Διὰ
648 3113 688 3155 τί
733 3113 785 3156 οὐ
830 3113 984 3169 πίνεις;
1035 3113 1104 3155 πίε

299 3176 426 3240 κύριε.
487 3185 667 3239 Ἤιτηςα
724 3186 792 3228 καὶ
841 3185 984 3228 οὐδείς
1035 3198 1106 3237 μοι

994 1449 1102 1489 κατὰ

1197 289 1411 345 tepidum,
1457 289 1530 331 sed
1575 292 1864 345 temperatum
1904 291 2006 344 <eb>

1199 362 1369 403 effunde
1402 361 1555 403 deinde
1588 362 1816 404 modicum.
1880 362 2005 404 mitte

1199 437 1425 475 recentem.
1490 434 1609 476 adice
1660 449 1838 475 merum.
1903 434 2006 490 quid

1199 506 1355 547 statis?
1390 506 1544 548 sedete.
1590 506 1625 548 si
1653 506 1799 560 uultis,
1826 506 2005 548 discum-

1201 577 1364 619 bamus.
1424 578 1510 619 Vbi
1556 578 1709 620 iubes?
1765 579 1819 620 In
1865 579 2005 634 primo

1200 649 1294 692 loco
1316 650 1548 692 discumbe.
1586 651 1684 692 date
1704 651 1832 693 nobis
1852 651 2006 707 hydro-

1201 737 1348 778 garon.
1407 722 1457 763 da
1484 722 1612 764 nobis
1638 726 1814 779 gustare
1842 724 2008 766 maluas

1200 793 1428 836 feruentes.
1469 795 1644 851 porrige
1665 795 1773 836 mihi
1794 811 2006 851 mappam.

1201 866 1360 907 afferte.
1414 867 1538 908 mit-te
1572 867 1811 923 impensam
1839 868 1892 909 ad
1919 883 2007 910 ace-

1201 939 1409 980 tabulum.
1469 939 1611 980 diuide
1645 940 1853 996 ungellas.
1912 956 2008 982 con—

1202 1011 1293 1052 cide
1352 1010 1662 1066 aqualiculum,
1726 1013 1899 1054 cordam
1957 1028 2009 1054 ex

1201 1099 1322 1139 aqua.
1379 1083 1488 1138 uide,
1522 1083 1558 1125 si
1590 1083 1724 1126 habes
1751 1084 2007 1140 piperatum.

1204 1156 1381 1212 intinge.
1416 1155 1539 1197 Vtor.
1574 1155 1718 1197 Vtere.
1754 1157 1806 1197 da
1832 1158 2008 1199 ficatum

1202 1232 1418 1283 tenerum,
1452 1228 1622 1282 turdos,
1655 1228 1895 1284 glandulas,
1928 1229 2008 1270 lac—

1201 1305 1333 1343 tucas.
1398 1315 1509 1342 unus
1568 1300 1618 1341 de
1676 1300 1803 1342 uobis
1854 1316 2009 1355 panem

1202 1376 1374 1429 frangat
1402 1376 1443 1414 et
1473 1372 1515 1414 in
1543 1372 1816 1414 canistellum
1841 1372 2009 1414 inferat.

1201 1446 1253 1487 ad
1275 1446 1470 1488 ordinem
1491 1445 1623 1487 trade.
1646 1447 1797 1501 frange
1813 1445 2008 1501 quadras.

1201 1521 1369 1573 coliate,
1422 1518 1571 1573 utique
1623 1518 1694 1558 ille
1741 1517 1898 1574 dignus
1944 1522 2009 1559 est

1201 1591 1314 1646 apud
1366 1606 1444 1632 nos
1496 1605 1658 1632 cenare.
1733 1590 1786 1631 da
1837 1590 2010 1645 salsum,

1202 1663 1413 1718 sardinas,
1477 1663 1674 1718 siliquam,
1732 1678 1855 1717 cyma
1912 1678 2009 1704 cum

1201 1735 1437 1790 liquamine
1465 1738 1507 1776 et
1536 1735 1680 1776 oleum
1709 1736 1912 1790 Spanum,
1946 1751 2009 1776 ra-

1200 1811 1368 1863 patum,
1413 1807 1621 1864 gallinam
1660 1822 1818 1863 assam,
1857 1807 2010 1849 ofellas

1202 1880 1465 1935 iuscellatas,
1522 1879 1718 1935 copadia,
1755 1917 1760 1922 ,
1769 1880 2009 1935 porcellum

1200 1968 1358 1995 assum.
1392 1968 1503 2008 pone
1531 1953 1697 1994 discum
1718 1967 1816 1994 cum
1838 1952 2009 2007 scarias,

1201 2025 1378 2080 radices,
1412 2028 1615 2080 mentam,
1648 2024 1787 2066 oh'uas
1816 2024 1936 2066 albas
1967 2027 2009 2066 et

1202 2113 1374 2139 cascum
1407 2097 1686 2152 praesalsum,
1719 2097 1884 2153 tubera,
1915 2097 2008 2138 fun-

1202 2186 1292 2227 gos.
1342 2169 1694 2211 ministrantibus
1727 2169 1824 2211 date
1858 2184 2008 2211 cenare

1203 2247 1246 2285 et
1290 2259 1391 2286 coco
1435 2246 1478 2285 et
1518 2242 1715 2296 bellaria,
1760 2241 1861 2297 quia
1899 2242 2008 2284 bene

1203 2316 1458 2359 seruierunt.
1523 2314 1620 2356 date
1673 2329 1828 2370 aquam
1877 2314 2009 2356 mani-

1203 2388 1295 2430 bus.
1360 2390 1481 2444 tergc
1524 2402 1729 2428 mensam.
1795 2386 1905 2442 <da>
1950 2390 2008 2428 te-

1203 2462 1378 2502 metum.
1407 2459 1460 2501 da
1479 2458 1728 2514 phialulam.
1757 2458 1810 2500 da
1830 2474 2008 2500 merum.

1204 2533 1404 2574 bibamus
1462 2534 1680 2573 recentem
1732 2531 1782 2573 de
1833 2531 2008 2588 gillone.

1203 2605 1334 2647 misce
1380 2603 1560 2647 caldum.
1624 2603 1675 2645 In
1719 2603 1912 2645 maiore?
1959 2604 2011 2646 In

1202 2677 1369 2719 minore
1403 2676 1601 2718 libenter.
1660 2691 1785 2732 spero
1819 2676 1934 2718 enim
1967 2679 2010 2717 eb

1203 2749 1333 2791 aliam
1367 2748 1527 2791 bibere.
1582 2747 1626 2790 Si
1652 2748 1884 2804 permittis,
1914 2764 2009 2804 pro-

1203 2821 1306 2877 pino
1351 2821 1452 2876 tibi3
1498 2821 1606 2862 bene
1651 2820 1839 2876 accipis?
1882 2820 1922 2862 A
1967 2823 2009 2862 te

1202 2893 1400 2936 libenter.
1444 2892 1584 2943 Quare
1609 2907 1699 2935 non
1725 2893 1870 2934 bibis?
1898 2892 2010 2949 bibe,

1203 2966 1387 3008 domine.
1431 2964 1658 3008 Postulaui
1685 2968 1729 3007 et
1753 2980 1880 3007 nemo
1901 2964 2010 3007 mihi

1204 3038 1333 3081 dedit.
1397 3037 1510 3080 Date
1559 3037 1687 3080 nobis
1738 3036 1879 3079 dulcia
1921 3036 2009 3092 pla-

1204 3113 1340 3153 centa.
1418 3109 1590 3153 Sufficit
1650 3109 1789 3152 nobis.
1862 3123 2010 3151 eamus

1204 3183 1300 3226 iam.
1353 3183 1535 3226 accende
1555 3182 1810 3238 lampadam.
1852 3181 2008 3238 accipe.
