2245 3495
213 155 301 197 246

215 267 239 308 ὁ
273 266 446 318 εὔριπος
481 265 655 319 euripus

216 339 240 380 ὁ
275 338 486 391 βόςπορος
520 337 762 391 bosphorus

75 408 195 455 [1851']
217 411 241 452 ὁ
305 410 494 451 ὠκεανός
558 422 760 462 oceanus,
811 407 1077 462 atlanticum,

275 497 481 538 magnum
514 486 628 522 mare

215 557 238 606 ἡ
274 555 536 607 μεςόχωρος,
569 554 618 594 τὸ
653 552 887 606 μεςόγειον,
920 554 944 604 ἡ
980 552 1076 595 καθ>

270 628 376 678 ἡμᾶς
390 626 574 674 θάλαςςα
586 624 948 666 mediterraneum
960 640 1076 666 mare

179 702 238 750 δὴ
281 698 430 749 ἀχαϊκή
472 697 658 739 θάλαςςα
699 696 921 737 achaicum
961 712 1076 738 mare

216 771 363 822 ἀδρίας
397 769 557 810 κόλπος
590 767 822 810 adriaticus
857 768 976 809 sinus

215 842 523 895 ἀμβρακιωτικὴ
577 841 762 884 θάλαςςα
814 841 1078 882 ambracium

276 928 391 955 mare

216 988 264 1029 τὸ
306 986 559 1038 τυρρηνικὸν
599 987 788 1036 πέλαγος
822 986 1079 1040 tyrrhenum

275 1073 391 1100 mare

217 1132 240 1173 ὁ
257 1131 443 1174 εὔξεινος
459 1130 618 1172 πόντος
630 1129 865 1186 ponticum,
875 1130 1079 1172 euxinum

164 1220 197 1244 10
218 1204 241 1246 ὁ
275 1203 435 1245 πόντος
467 1205 626 1257 pontus

219 1277 242 1317 ὁ
277 1276 567 1328 ἑλλήςττοντος
603 1273 901 1329 hellespontus

216 1349 241 1400 ἡ
276 1346 512 1399 προποντίς
544 1345 770 1401 propontis

217 1421 266 1461 τὸ
300 1419 473 1461 ἰωνικὸν
506 1420 697 1469 πέλαγος
729 1417 918 1459 ionicum
952 1434 1068 1460 mare

216 1493 241 1544 ἡ
275 1491 427 1533 καςπία
461 1491 646 1533 θάλαςςα
679 1490 870 1545 caspium
903 1505 1019 1531 mare

164 1578 196 1604 15
217 1564 267 1604 τὸ
312 1563 554 1614 κιμμερικὸν
596 1562 786 1611 πέλαγος
827 1561 1081 1609 cimbricum

278 1649 394 1676 mare

217 1708 266 1749 τὸ
301 1707 471 1757 αἰγαῖον
503 1707 693 1756 πέλαγος
726 1721 906 1763 aegeum
940 1722 1055 1748 mare

219 1781 243 1831 ἡ
278 1780 436 1831 ἐρυθρὰ
469 1778 654 1821 θάλαςςα
687 1794 803 1820 mare
837 1779 1016 1820 rubrum

220 1853 269 1894 τὸ
313 1852 500 1903 ἰκαρικόν
534 1850 722 1898 πέλαγος
756 1851 935 1892 icarium
967 1866 1084 1892 mare

221 1925 271 1966 τὸ
305 1924 464 1965 ἰνδικὸν
498 1921 688 1973 πέλαγος
720 1923 910 1965 indicum

166 2083 200 2107 20
220 2080 317 2109 xxv
356 2068 451 2118 περὶ
489 2070 577 2109 τῶν
609 2064 803 2117 γλυκέων
836 2067 1006 2109 ὑδάτων
1034 2068 1084 2108 de

281 2138 403 2194 aquis
431 2138 627 2180 dulcibus

221 2213 245 2263 ἡ
279 2213 392 2263 πηγή
425 2210 522 2251 fons

222 2284 272 2325 τὸ
305 2279 444 2334 φρέαρ
478 2285 633 2337 puteus

223 2356 271 2396 τὸ
324 2356 627 2405 ςυλλογιμαῑον
673 2355 807 2410 ὕδωρ,
859 2355 882 2396 ὁ
929 2355 1083 2398 λάκκος

283 2427 439 2468 ὕδατος
475 2425 592 2467 lacus

79 2509 205 2556 [18511]
226 2499 276 2540 τὸ
309 2498 595 2551 ὑδροςτάςιον,
629 2499 652 2539 ὁ
686 2499 871 2549 λάγυνος
905 2499 1057 2540 lacuna

171 2571 249 2622 ρὸἡ
283 2571 426 2625 κρήνη,
452 2571 476 2620 ἡ
512 2572 716 2622 δεξαμένη
751 2571 935 2613 cisterna

226 2642 250 2682 ὁ
283 2643 572 2695 κολυμβήθρα,
604 2644 627 2692 ὴ
663 2647 829 2684 πιςκῑνα
861 2643 1025 2698 piscina

226 2714 275 2755 τὸ
309 2714 407 2754 ἕλος
438 2712 580 2767 palus,
614 2716 816 2770 stagnum

226 2785 251 2836 ἡ
285 2784 408 2836 λίμνη

227 2856 412 2906 λιμνάζω
447 2858 601 2911 stagno

173 2946 208 2970 30
230 2929 441 2979 λιμνώδης
473 2927 678 2982 palustris

707 152 1127 189 HERMENEVMATA
1153 152 1497 188 EINSIDLENSIA
1530 180 1532 182 ,

1114 263 1138 305 ὁ
1174 263 1395 318 βόρβορος,
1427 264 1451 314 ἡ
1487 263 1576 304 ἰλύς
1609 262 1750 317 limus,
1783 277 1934 304 cenum

1115 336 1139 377 ὁ
1173 334 1366 387 ποταμός
1399 333 1557 376 fluuius

1118 408 1328 459 ποτάμιος
1359 406 1562 460 fluuialis,
1595 406 1717 447 fluuii

1117 480 1141 522 ὁ
1175 480 1277 532 ῥύαξ
1309 478 1430 520 riuus

1117 553 1140 593 ὁ
1174 552 1401 604 χείμαρρος
1435 553 1604 592 torrens
1999 566 2033 593 35

1116 625 1289 677 ἐκβολαὶ
1322 626 1529 675 ποταμῶν
1563 623 1673 664 ostia

1117 696 1158 738 αἱ
1192 696 1342 751 πηγαί,
1375 694 1516 750 capita
1548 695 1781 736 fluuiorum

1117 768 1338 820 κελαρύζει
1370 768 1419 809 τὸ
1453 768 1569 819 ὕδωρ
1603 769 1844 808 murmurat
1870 782 1981 822 aqua
2002 764 2122 810 [lssssr]

1118 841 1334 894 ῥαίνομαι,
1367 840 1548 891 ῥαντίζω
1582 854 1763 895 aspergo

1118 914 1142 964 ἡ
1177 912 1371 964 διάρροια
1405 912 1616 966 defluxus,
1651 911 1877 953 distillatio

1119 986 1142 1027 ὁ
1177 984 1404 1037 πομφόλυξ
1438 984 1556 1025 bulla
1589 999 1724 1039 aquae

1118 1059 1142 1109 ἡ
1177 1059 1348 1109 γέφυρα
1380 1071 1489 1111 pons

1121 1130 1144 1172 ὁ
1178 1128 1444 1184 ὑδραγωγός,
1470 1129 1520 1171 τὸ
1547 1128 1822 1181 ὑδραγώγιον
1849 1143 1982 1183 aquae

1182 1201 1335 1243 ductus

1122 1275 1161 1316 οἱ
1196 1276 1383 1326 ςωλῆνες
1416 1271 1586 1314 fistulae

2001 922 2036 946 40

1120 1432 1236 1461 XXVI
1282 1419 1377 1470 περὶ
1423 1417 1709 1469 ἀνθρωπίνων
1748 1420 1890 1470 μελῶν
1932 1418 1982 1459 de
2003 1428 2037 1452 45

1179 1490 1380 1532 humanis
1413 1489 1618 1531 membris

1119 1565 1169 1606 τὸ
1203 1565 1331 1615 μέλος
1364 1562 1606 1604 membrum

1121 1637 1144 1678 ὁ
1178 1635 1406 1687 ἄνθρωπος
1439 1634 1568 1676 homo

1119 1710 1168 1750 τὸ
1202 1706 1507 1759 ἀνθρωπάριον
1539 1705 1771 1747 homuncio

1121 1781 1144 1822 ὁ
1178 1780 1285 1833 ἀνήρ
1319 1779 1387 1820 uir
1421 1830 1428 1836 ἱ

1120 1854 1170 1895 τὸ
1205 1855 1322 1903 ςῶμα
1355 1865 1509 1905 corpus

1120 1926 1145 1977 ἡ
1179 1924 1296 1979 ςάρΞ,
1329 1924 1378 1965 τὸ
1412 1924 1538 1974 κρέας
1573 1937 1670 1964 caro

1123 1998 1172 2038 τὸ
1205 1996 1414 2048 ἐπιφανές
1448 1994 1559 2037 eutis

1123 2069 1147 2121 ἡ
1182 2068 1334 2120 ὠτειλὴ
1369 2068 1435 2109 καὶ
1468 2067 1573 2118 οὔλη
1607 2066 1785 2108 cicatrix

1123 2141 1173 2182 τὸ
1207 2140 1309 2191 αἷμα
1341 2138 1517 2195 sanguis
1809 2125 1811 2128 Α

1124 2214 1148 2264 ἡ
1183 2215 1290 2265 χολή
1323 2211 1441 2265 bilis,
1474 2211 1646 2253 cholera
2007 2220 2040 2244 ⁵5

1123 2285 1172 2327 τὸ
1206 2285 1377 2336 φλέγμα
1408 2282 1579 2338 pituita,
1611 2283 1815 2339 phlegma

1121 2357 1146 2408 ἡ
1181 2356 1444 2408 μελαγχολία
1477 2358 1570 2396 atra
1596 2354 1697 2396 bilis

1122 2429 1175 2470 τὰ
1208 2427 1333 2470 ὀςτέα
1367 2442 1463 2468 ossa

1125 2501 1148 2543 ὁ
1183 2500 1366 2552 χόνδρος
1400 2499 1621 2555 cartilago,
1655 2499 1761 2540 alica

1124 2574 1173 2615 τὸ
1207 2572 1424 2624 τραγανόν
1457 2571 1664 2613 callosum

1125 2646 1148 2687 ὁ
1182 2644 1337 2697 μυελός
1370 2643 1557 2684 medulla

1124 2719 1148 2769 ἡ
1183 2718 1304 2770 φλέψ
1337 2730 1447 2757 uena

1124 2789 1174 2830 τὸ
1207 2791 1363 2839 νεῦρον
1395 2802 1554 2828 neruus

1127 2860 1150 2901 ὁ
1184 2859 1375 2911 ςφυγμός
1407 2858 1557 2913 pulsus

1126 2933 1149 2983 ἡ
1185 2933 1349 2983 κεφαλή
1384 2933 1512 2985 caput

2004 1860 2039 1885 50

2003 2349 2128 2396 [lsssu]

2005 2578 2040 2603 60

349 3096 404 3128 18.
430 3091 573 3127 icarum
599 3095 674 3128 cod.
707 3096 719 3139 11
751 3099 806 3130 38.
835 3095 1012 3139 κελαρίζει
1037 3096 1112 3130 eod.
1139 3096 1150 3140 ΙΙ
1177 3100 1232 3130 43.
1259 3096 1304 3130 τὸ
1330 3097 1549 3140 ὑδραγωγός
1575 3096 1651 3131 cod.
1677 3097 1690 3140 ΙΙ
1715 3100 1771 3132 52.
1798 3095 1980 3139 ἑπίφανος

228 3153 304 3187 eod.
325 3153 336 3196 ΙΙ
356 3155 413 3187 58.
440 3153 528 3187 ὀςτᾶ
554 3163 645 3188 corr.
672 3165 716 3187 m.
746 3158 764 3188 1
786 3156 798 3199 ΙΙ
818 3158 874 3189 63.
902 3155 1012 3198 εὐρον
1038 3155 1114 3190 eod.
