2164 3470
929 166 1203 202 PRAEFATIO
1823 167 1943 203 XXIX

188 276 233 319 in
266 277 328 320 eis
361 293 469 333 quae
503 280 706 320 secuntur
738 277 908 332 saepius
939 276 1365 318 Pseudodositheana
1397 275 1792 331 deprehenduntur,
1830 277 1946 318 velut

186 365 225 404 p.
259 351 364 405 477,
392 352 448 393 26
488 353 530 391 et
569 351 642 404 27,
680 351 786 404 478,
817 351 888 404 17,
924 351 977 392 18
1021 352 1068 390 ut
1107 349 1190 390 alia
1228 348 1411 390 mittam.
1473 348 1542 389 Ex
1579 348 1647 389 his
1685 363 1772 390 non
1810 349 1946 389 multa

187 421 410 477 discimus,
444 437 540 463 cum
572 423 676 462 nota
709 420 795 461 sint
829 436 879 462 ex
913 420 1009 461 aliis
1041 420 1175 462 libris.
1239 419 1322 462 Sed
1354 420 1501 462 insunt
1534 419 1744 476 graviora.
1807 418 1947 461 Series

187 508 296 548 quae
330 496 395 535 est
426 510 465 548 p.
492 494 598 547 483,
625 493 799 534 59-67
841 491 1131 547 glossarum
1169 491 1429 533 nominum
1462 495 1543 547 est,
1578 507 1666 533 non
1697 491 1946 532 latino-lati-

185 579 356 619 narum,
395 564 468 606 sed
506 562 1003 618 antiquissimarum,
1043 563 1082 604 h.
1118 578 1150 604 e.
1188 563 1678 619 latinograeearum3
1716 563 1947 617 respondet

187 635 302 676 enim
331 637 386 678 59
411 658 463 670 =
486 635 527 677 Π
553 636 652 690 584,
679 636 724 689 3,
757 636 814 676 60
837 656 889 668 =
914 636 1013 689 584,
1040 636 1064 676 8
1094 634 1300 691 (dammis
1327 633 1558 691 μέγιετοε),
1591 637 1644 677 61
1671 656 1723 668 =
1747 636 1845 690 584,
1875 636 1947 689 10,

187 708 243 749 62
266 729 317 742 =
342 708 446 763 584,
476 709 548 762 16,
581 709 636 749 63
660 728 712 740 ε
737 706 841 761 584,
869 707 942 761 21,
976 706 1151 747 64-66
1191 705 1300 746 bene
1334 706 1474 747 ordini
1506 709 1604 761 post
1636 707 1741 747 haec
1773 706 1949 747 nomina

186 779 463 834 conveniunt,
490 778 834 821 accommodatae
862 778 976 820 enim
997 780 1098 819 sunt
1118 776 1472 818 terminationum
1492 777 1597 833 legi,
1624 792 1732 832 quae
1754 777 1949 832 sequitur

185 850 331 906 glossa
364 851 423 892 67
444 871 496 884 =
520 851 620 906 584,
647 851 722 905 34,
755 852 830 891 est.
894 849 979 890 Pro
1016 850 1123 892 bilex
1154 847 1429 890 scribendum
1465 850 1573 890 inlex
1606 851 1648 889 et
1681 864 1757 903 pro
1792 848 1948 900 ἄνεμος

184 921 330 976 potius
369 921 541 974 ἄνομος.
604 921 720 972 Quae
759 936 827 963 res
864 921 976 962 forte
1015 920 1219 962 accidisse
1257 919 1377 961 nullo
1416 920 1543 961 modo
1585 923 1739 975 potest.
1803 920 1948 962 Etiam

188 1008 297 1048 quae
330 996 534 1035 secuntur
566 992 848 1049 grammatica
880 992 1047 1034 ratione
1075 991 1284 1047 disposita
1312 994 1428 1033 sunt:
1462 992 1512 1033 01.
1541 991 1673 1033 661166
1699 1007 1807 1047 quae
1834 995 1899 1033 est
1925 1009 1949 1033 a

189 1064 489 1108 Caenaclarcssus
521 1064 580 1122 (p.
607 1066 713 1120 484,
743 1062 789 1121 7)
827 1064 881 1105 ad
912 1064 1075 1107 Caelebs
1107 1062 1166 1121 (p.
1193 1064 1299 1118 484,
1329 1061 1404 1119 72)
1436 1077 1502 1118 us,
1535 1078 1580 1118 a,
1612 1078 1701 1118 um,
1733 1078 1773 1119 0,
1806 1079 1869 1119 or,
1902 1066 1949 1120 is,

185 1151 225 1192 x,
257 1151 277 1179 s
308 1135 380 1194 (01.
414 1136 478 1179 Gl.
510 1136 637 1179 Nom.
672 1136 733 1177 ed.
767 1135 944 1177 Loewe
976 1134 1107 1190 praef.
1141 1150 1180 1189 p.
1212 1133 1289 1190 X);
1323 1134 1427 1175 item
1459 1150 1498 1189 p.
1532 1135 1632 1190 485,
1659 1136 1836 1177 24-35
1868 1135 1948 1192 (us,

183 1223 222 1263 α,
254 1223 287 1264 0,
320 1207 401 1265 ον),
432 1226 472 1265 p.
505 1210 605 1264 485,
632 1208 805 1250 36-47
841 1206 944 1264 (uve,
978 1221 1011 1262 ο,
1044 1221 1103 1262 as,
1135 1221 1192 1261 or,
1224 1208 1273 1261 is,
1304 1220 1345 1261 x,
1377 1203 1434 1261 3),
1474 1221 1512 1260 p.
1547 1206 1646 1260 485,
1674 1206 1893 1262 58—486,
1921 1209 1946 1249 ⁶2

183 1279 271 1337 (αθ,
303 1295 348 1336 a,
381 1279 471 1338 um)
510 1284 558 1322 ut
596 1280 680 1321 alia
717 1278 900 1320 mittam.
964 1278 1080 1328 Quae
1119 1280 1264 1318 autem
1302 1278 1433 1318 verba
1465 1277 1672 1333 leguntur
1704 1278 1783 1319 sub
1816 1279 1946 1319 finem

184 1355 484 1407 excerptorum
516 1352 575 1409 (p.
602 1353 708 1406 486,
735 1352 950 1406 51--74),
989 1352 1195 1405 quattuor
1234 1348 1615 1404 coniugationibus
1654 1352 1754 1390 sunt
1787 1365 1947 1392 accom-

183 1424 357 1465 modata
389 1423 493 1482 (are,
525 1431 606 1479 616,
640 1427 720 1478 ere,
746 1421 854 1478 Tre),
887 1437 995 1477 quae
1030 1421 1249 1477 excipiunt
1282 1421 1551 1476 deponentia.
1613 1420 1728 1470 Quae
1761 1436 1828 1463 res
1860 1437 1948 1464 11011

185 1495 312 1537 aliter
344 1496 549 1552 explicari
581 1495 754 1551 poterit,
787 1510 916 1549 quam
948 1497 996 1535 ut
1029 1496 1281 1547 statuamus,
1319 1495 1561 1548 excerpta
1593 1492 1715 1534 haec
1748 1508 1857 1535 esse
1889 1510 1947 1535 ex

186 1567 382 1623 glossis
427 1567 762 1624 grammatica
807 1566 1010 1607 ratione
1050 1564 1340 1620 dispositis,
1387 1580 1443 1605 ex
1482 1564 1739 1619 persimili
1778 1568 1945 1606 autem

183 1639 494 1681 collectione
527 1640 728 1696 glossas
760 1637 1019 1679 nominum
1053 1651 1162 1677 6666
1195 1636 1418 1676 haustas.
1471 1635 1588 1676 Haec
1615 1635 1688 1690 qui
1716 1637 1946 1692 reputabit,

183 1711 262 1752 has
301 1711 459 1767 glossis
498 1726 595 1753 cum
634 1709 788 1752 ceteris
820 1724 871 1750 ex
903 1707 1119 1750 Loiselii
1152 1707 1264 1749 libro
1296 1706 1446 1762 petitis
1480 1709 1522 1747 et
1555 1709 1746 1748 vetustas
1779 1723 1870 1750 6666
1903 1712 1946 1749 et

183 1782 321 1824 bonae
352 1786 481 1825 notae
514 1781 717 1825 censebit.

300 1854 428 1897 Nunc
460 1870 560 1896 vero
588 1853 809 1909 quaeritur
836 1867 944 1906 quae
970 1851 1242 1893 necessitudo
1270 1851 1507 1892 intercedat
1535 1851 1648 1892 inter
1673 1851 1751 1891 has
1777 1851 1944 1907 glossas

183 1928 226 1967 et
246 1925 632 1982 Stephanianas.
677 1925 737 1966 Vt
757 1924 904 1979 paucis
925 1938 1015 1964 rem
1036 1923 1312 1978 complectar:
1341 1937 1633 1977 quaecumque
1655 1937 1706 1962 ex
1725 1922 1943 1963 Loiselii

182 1997 295 2040 libro
329 1998 540 2054 excerpsit
572 1997 756 2038 Petrus
789 1995 973 2037 Daniel
1006 2010 1055 2036 ea
1086 1994 1356 2050 paucissimis
1389 1994 1646 2049 quibusdam
1680 1993 1850 2035 omissis
1884 1994 1943 2035 in-

184 2070 417 2112 veniuntur
449 2069 562 2126 apud
588 2068 920 2123 Stephanum:
954 2082 1062 2122 quae
1095 2070 1241 2109 utrum
1266 2066 1441 2122 petierit
1468 2081 1519 2107 ex
1545 2066 1780 2107 Danielis
1807 2081 1943 2107 exem-

185 2142 295 2197 plari
328 2145 370 2184 et
403 2142 487 2184 alia
519 2141 690 2183 aliunde
723 2139 927 2181 adiecerit
960 2155 1014 2180 an
1047 2154 1099 2181 ex
1132 2139 1225 2195 ipso
1252 2137 1471 2180 Loiselii
1504 2138 1615 2179 libro
1643 2153 1739 2179 cum
1766 2138 1943 2193 reliquis

184 2229 292 2269 quae
324 2229 412 2257 non
444 2215 576 2256 habet
608 2211 793 2254 Daniel
826 2211 917 2266 ipse
950 2210 1144 2252 hauserit
1174 2225 1263 2252 non
1295 2209 1400 2251 satis
1432 2209 1645 2264 liquidum
1678 2211 1760 2251 est:
1799 2224 1942 2264 quam—

183 2301 312 2341 quam
344 2286 453 2327 illud
484 2285 573 2327 veri
607 2300 699 2326 esse
733 2283 917 2325 similius
950 2283 1103 2338 iudico,
1137 2282 1350 2338 siquidem
1382 2283 1498 2323 recte
1532 2281 1753 2322 contendit
1786 2281 1859 2322 ille
1892 2296 1944 2322 ex

183 2357 380 2399 ‘diversis
418 2355 750 2413 exemplaribus’
791 2370 867 2397 sua
904 2355 1101 2410 pendere.
1164 2354 1279 2396 Hinc
1315 2353 1441 2395 facile
1479 2352 1751 2409 intellegitur
1783 2368 1858 2394 cur
1889 2368 1942 2394 ne

183 2428 391 2483 Stephani
424 2429 597 2484 quidem
630 2429 829 2481 excerpta
861 2429 909 2468 ut
936 2427 1206 2468 excluderem
1232 2441 1257 2466 a
1282 2440 1349 2466 me
1377 2424 1656 2479 impetrarim.
1708 2425 1942 2466 Danielis

184 2504 384 2556 excerpta
416 2500 642 2556 descripsit
675 2499 1115 2541 Gundermannus:
1149 2513 1233 2553 quo
1267 2496 1515 2552 apographo
1549 2510 1651 2537 usus
1684 2511 1788 2537 sum.

257 2596 260 2599 ·
302 2574 328 2624 ξ
363 2573 428 2614 14.
481 2572 657 2614 Glossae
687 2570 972 2612 Beruenses
1005 2571 1145 2612 editae
1178 2572 1279 2611 sunt
1312 2583 1363 2610 ex
1396 2567 1539 2609 codice
1566 2567 1815 2609 Bernensi
1844 2569 1941 2623 688,

183 2643 509 2686 membranaceo
542 2642 648 2701 (148
671 2654 725 2686 ><
751 2643 834 2684 103
856 2640 976 2698 mm.)
1013 2641 1171 2684 saeculi
1203 2639 1315 2681 XIII.
1381 2638 1583 2680 Continet
1616 2639 1698 2681 duo
1732 2640 1943 2696 glossaria

186 2714 232 2772 1)
264 2715 336 2757 101.
370 2715 517 2757 21——8r
577 2715 760 2757 Abscida
804 2715 959 2770 lucida,
1004 2729 1110 2769 quas
1154 2712 1322 2769 glossas
1368 2710 1498 2765 edidi3
1543 2708 1591 2766 2)
1623 2710 1695 2752 fol.
1734 2711 1942 2753 IOf-—57b

183 2787 350 2844 glossas
374 2787 558 2828 Abactus
589 2787 640 2828 ab
664 2790 758 2828 actu
782 2789 960 2838 remotus
985 2784 1180 2842 (eaedem
1206 2784 1375 2840 glossae
1402 2782 1550 2823 insunt
1576 2782 1621 2823 in
1647 2783 1790 2824 codice
1820 2783 1940 2825 Can-

183 2857 496 2914 tabrigiensi
529 2858 579 2899 de
612 2873 696 2913 quo
729 2857 810 2899 vol.
837 2856 878 2898 Π
908 2872 1005 2913 pag.
1031 2856 1169 2898 XLIV
1195 2855 1277 2912 egi,
1308 2854 1441 2896 Paris.
1468 2853 1541 2895 lat.
1570 2855 1704 2910 8048,
1736 2855 1941 2910 pleraque

185 2945 237 2972 ex
279 2929 437 2985 Papia
487 2931 588 2970 sunt
639 2926 869 2985 excerpta).
938 2927 1202 2984 Apographo
1253 2941 1356 2968 usus
1400 2941 1496 2967 sum
1541 2925 1941 2980 Gundermanni3

182 3001 381 3058 plagulas
413 3015 509 3043 cum
542 3000 634 3055 ipso
668 3000 811 3042 codice
845 3000 983 3041 denuo
1017 2999 1209 3041 conferre
1241 2997 1376 3053 potui.

304 3073 410 3114 Pars
449 3072 691 3128 glossarum
726 3086 833 3126 quae
866 3070 912 3112 in
942 3071 1025 3112 hoc
1056 3069 1266 3127 glossario
1299 3069 1506 3126 leguntur
1538 3084 1591 3111 ex
1622 3068 1771 3111 eodem
1802 3068 1939 3109 lexico

185 3144 326 3200 petita·
354 3147 420 3186 est
451 3143 566 3198 quod
599 3157 650 3184 ex
684 3142 811 3185 ‘libro
841 3141 1098 3199 glossarum'
1131 3144 1381 3197 excerptum
1413 3156 1503 3183 esse
1536 3140 1639 3182 alibi
1665 3140 1788 3182 docui
1817 3139 1941 3196 (Der

1033 3273 1053 3290 Ι
