2164 3470
988 182 1262 218 PRAEFATIO
1919 185 2004 220 XXI

254 291 463 334 Vocabula
494 295 682 346 excerpta
713 306 762 334 ex
794 292 907 334 Iulio
932 293 1161 347 polydezwa
1188 306 1311 347 preca
1342 295 1380 334 et
1417 292 1572 341 latam,-
1612 295 1815 334 seeuntur
1854 293 2003 335 collo-

245 363 374 419 quia.
437 363 543 405 Post
580 363 685 404 haec
725 362 932 418 scriptum
971 366 1053 405 est:
1091 366 1240 416 Πῆναξ
1272 367 1350 406 τοῦ
1383 363 1601 415 παρόντος
1635 367 1799 406 λεξικοῦ
1833 380 1866 405 0.
1895 380 1932 419 q.
1961 381 2004 421 s.,

245 435 356 477 dein‘
375 434 678 490 inscriptiones
711 434 998 489 capitulorum
1030 434 1127 476 LIX
1167 435 1315 477 eadem
1349 449 1459 490 quae
1492 435 1537 477 in
1568 435 1857 491 Neapolitano
1892 439 2003 478 sunt.

244 506 455 549 Secuntur
493 506 586 561 ipsa
624 505 829 560 capitula,
872 520 959 546 non
997 505 1112 561 LIX,
1158 507 1232 548 sed
1273 507 1404 548 etiam
1444 510 1650 562 quattuor
1689 523 1796 562 quae
1836 508 1922 550 illis
1960 509 2005 550 in

241 577 503 619 Einsidlensi
543 577 771 619 subiuncta
810 579 928 631 sunt,
968 577 1013 618 in
1050 578 1119 619 his
1158 579 1345 633 capitula
1379 579 1615 621 christiana
1646 580 1741 621 tria.
1806 580 2004 635 Denique

243 650 374 692 etiam
406 649 575 691 lexicon
600 649 731 703 inest,
764 649 879 704 quod
912 648 1136 690 concinere
1170 664 1266 690 cum
1298 650 1436 692 lexico
1472 650 1762 706 Neapolitano
1797 651 2002 707 suspicor.

244 721 447 763 Feliciter
467 720 633 776 accidit,
654 723 701 762 ut
721 723 820 776 post
842 720 1078 776 capitulum
1096 720 1261 762 XXXH
1279 736 1437 764 nomen
1458 738 1583 765 suum
1596 723 1790 778 posuerit
1805 723 2005 779 scriptor,

245 793 306 835 ibi
340 793 455 835 enim
486 792 666 849 legitur:
700 793 926 835 IVIarsilius
956 793 1134 834 Ficinus
1165 793 1364 834 scribebat
1393 794 1618 854 Florentia.
1680 795 1748 836 Ex
1780 795 1861 837 hoc
1893 795 2004 837 libro

243 865 355 907 nihil
386 865 525 907 habeo
557 864 641 906 nisi
676 867 877 920 excerpta
909 864 1119 920 quaedam
1155 862 1547 907 Gundermanni.

364 936 572 979 Sextum
611 935 830 991 exemplar
868 936 976 978 illud
1015 938 1107 977 erat
1145 950 1229 990 quo
1269 950 1373 978 usus
1409 939 1474 978 est
1506 936 1698 979 Beatus
1730 938 2005 982 Rhenanus

244 1008 289 1050 in
322 1008 492 1058 edendo,
512 1007 791 1050 cottidiani
819 1006 1072 1063 colloquii
1101 1006 1251 1049 libello
1278 1006 1492 1065 (Basileae
1518 1007 1659 1051 Nonis
1685 1008 2006 1052 Novembribus

244 1095 279 1122 a.
315 1078 467 1137 1516),
505 1080 546 1121 h.
580 1095 613 1121 e.
654 1079 699 1121 in
738 1079 799 1121 eis
832 1094 940 1134 quae
972 1082 1209 1121 tractamus
1242 1079 1480 1134 colloquiis.
1543 1078 1593 1122 In
1626 1080 1811 1136 epistula
1844 1081 2005 1123 dedica-

241 1153 355 1195 toria
392 1152 475 1208 ipsi
515 1151 722 1207 opusculo
760 1151 995 1208 praemissa
1027 1151 1132 1193 haec
1165 1150 1270 1192 dicit
1302 1150 1494 1193 Beatus
1527 1151 1819 1195 Rhenanus:
1855 1153 2005 1195 ‘Porro

240 1239 338 1266 cum
376 1223 558 1267 Ioannes
596 1223 836 1266 Frobenius
869 1223 1135 1266 Lovaniense
1176 1223 1395 1278 exemplar
1433 1223 1522 1266 suis
1561 1225 1676 1279 typis
1716 1228 1828 1267 esset
1867 1221 2005 1267 imita-

240 1299 365 1338 turus
403 1296 486 1338 11οο
523 1295 749 1338 familiaris
788 1295 993 1351 colloquii
1033 1295 1377 1347 ευγγραμμάτιον
1413 1295 1684 1338 adiicendum
1716 1297 1883 1352 putavi,
1921 1313 2005 1352 quo

241 1368 322 1409 tibi
356 1368 429 1423 qui
462 1383 600 1423 nuper
632 1367 831 1410 Graecari
865 1366 1064 1422 coepisti,
1100 1370 1142 1408 et
1174 1366 1417 1421 tyrunculis
1449 1367 1691 1423 quibusque
1725 1367 2006 1411 Graecanicae

239 1439 491 1481 literaturae
524 1439 730 1481 studiosis
762 1439 1039 1495 gratificarer.
1090 1437 1204 1480 Nam
1237 1438 1322 1480 tale
1356 1439 1577 1494 quippiam
1610 1455 1634 1481 a
1666 1455 1733 1481 me
1759 1455 1896 1496 nuper
1923 1441 2006 1482 exi-

242 1527 344 1569 gere
376 1511 494 1554 visus
528 1527 572 1553 es
605 1505 710 1553 cum*
736 1511 843 1553 istac
876 1511 959 1552 iter
990 1511 1193 1565 facerem,
1233 1510 1439 1552 nimirum
1473 1525 1556 1565 quo
1589 1498 1731 1566 possis
1761 1527 1857 1553 cum
1891 1513 2006 1554 socio

242 1584 486 1626 studiorum
524 1586 699 1626 tuorum
732 1583 1065 1638 Barptolomaeo
1097 1581 1427 1638 Villingiacensi
1469 1582 1519 1624 de
1558 1583 1687 1624 rebus
1720 1584 2006 1626 familiaribus

241 1671 394 1713 graece
427 1655 626 1711 colloqui.
689 1654 738 1696 Id
771 1655 885 1710 quod
917 1654 987 1696 hic
1020 1653 1194 1695 libellus
1226 1656 1269 1695 te
1301 1654 1500 1695 nonnihil
1535 1654 1748 1709 edocebit,
1784 1655 1869 1697 iam
1903 1657 2007 1698 olim

241 1743 266 1770 a
298 1728 492 1770 studioso
524 1719 729 1783 quopiam
763 1726 922 1769 Graece
956 1742 1003 1768 ac
1035 1726 1189 1768 Latine
1221 1726 1496 1768 mediocriter
1529 1726 1710 1768 callente
1744 1742 1765 1769 e
1803 1728 2006 1770 dictiona-

240 1799 317 1842 riis
349 1815 436 1842 non
468 1799 700 1842 infeliciter
734 1798 909 1841 omnino
943 1798 1235 1840 concinnatus.
1299 1797 1456 1852 Atque,
1490 1801 1538 1839 ut
1570 1812 1661 1839 rem
1693 1798 1925 1855 intelligas,
1957 1800 2006 1855 is,

242 1872 437 1928 quisquis
482 1871 585 1927 fuit,
631 1871 886 1927 opusculum
931 1869 1245 1911 consarcinavit
1289 1868 1430 1910 tribus
1476 1869 1728 1912 distinctum
1766 1870 1890 1913 libris
1929 1887 2005 1914 ceu

238 1936 596 2000 praefatiuncula,
628 1958 737 1998 quae
770 1943 870 1984 huic
902 1942 1051 1984 libello
1078 1940 1285 1996 praeponi
1313 1941 1435 1996 solet,
1467 1941 1627 1983 rectius
1653 1941 1697 1983 in
1725 1942 1866 1997 operis
1892 1943 2005 1985 fron-

240 2016 412 2072 tispicio
440 2015 700 2071 collocanda,
727 2018 935 2056 testatum
962 2013 1149 2069 reliquit.
1201 2012 1349 2055 Primo
1377 2013 1588 2055 uocabula
1614 2013 1862 2069 complexus
1885 2014 2006 2057 iuxta

239 2088 381 2144 capita
426 2103 570 2130 rerum
608 2087 746 2129 instar
783 2086 881 2129 Iulii
920 2085 1130 2141 Pollucis,
1174 2085 1289 2126 hunc
1327 2085 1372 2126 in
1411 2085 1605 2141 modum,
1649 2089 1762 2128 θεῶν
1801 2087 2005 2138 ὀνόματα,

239 2161 322 2202 1100
355 2163 431 2214 est,
463 2159 655 2201 Deorum
687 2159 874 2201 nomina.
926 2159 1023 2210 περὶ
1055 2160 1142 2199 τῶν
1176 2158 1223 2199 ἐν
1256 2161 1317 2212 τῷ
1350 2156 1444 2211 ἅδῃ,
1475 2157 1558 2199 1100
1585 2159 1662 2213 est,
1694 2157 1758 2199 De
1785 2157 1870 2199 hiis
1897 2172 2005 2213 quae

239 2232 353 2288 apud
386 2232 560 2286 inferos,
593 2233 689 2283 περὶ
722 2230 978 2285 θεοεεβείαε,
1009 2229 1092 2271 hoc
1125 2231 1201 2282 est,
1235 2228 1285 2270 de
1318 2228 1540 2285 religione.
1594 2231 1690 2281 περὶ
1720 2232 1838 2271 ναῶν
1864 2230 2006 2285 ἱερῶν,

239 2305 321 2347 hoc
354 2307 431 2359 est,
465 2304 516 2345 de
548 2302 726 2345 aedibus
760 2302 905 2356 sacris,
938 2305 981 2343 et
1011 2301 1071 2343 510
1104 2300 1315 2356 deinceps.
1368 2301 1441 2356 qui
1473 2301 1584 2343 liber
1611 2301 1848 2343 etiamnum
1875 2304 2006 2357 extat,

239 2376 406 2418 utinam
444 2379 534 2418 tam
574 2376 726 2417 doctus
765 2390 894 2431 quam
934 2377 1048 2416 certe
1087 2376 1235 2429 posset
1275 2388 1367 2416 esse
1401 2373 1607 2415 studiosis
1641 2373 1841 2415 omnibus
1874 2373 2005 2428 utilis,

239 2448 275 2490 si
326 2448 439 2490 foret
492 2447 742 2504 castigatus.
813 2446 1008 2489 Secundo
1060 2446 1270 2489 dictiones
1316 2446 1438 2488 iuxta
1482 2445 1638 2487 seriem
1683 2445 2004 2487 elementariam

241 2519 433 2577 digessit.
497 2519 643 2561 Tertio
688 2519 1007 2584 vocabulorum‘
1044 2533 1171 2560 usum
1217 2518 1361 2572 docet,
1408 2517 1648 2559 orationem
1693 2532 1744 2559 ex
1784 2517 1870 2558 illis
1909 2532 2004 2558 con-

240 2595 409 2646 texens,
447 2606 576 2646 quem
607 2606 721 2633 110110
754 2591 799 2633 111
831 2591 1054 2647 publicum
1087 2590 1264 2632 damus.³
1327 2590 1397 2632 Ex
1430 2589 1589 2645 quibus
1618 2589 1763 2631 verbis
1794 2589 1931 2630 multa
1963 2592 2006 2630 et

240 2663 365 2706 utilia
409 2662 639 2706 discimusz.
684 2662 729 2720 1)
761 2663 986 2718 probabile
1031 2664 1081 2704 fit
1122 2661 1456 2717 Hermonymi
1501 2661 1846 2717 inscriptionem,
1897 2675 2004 2716 quae

241 2735 373 2777 etiam
405 2734 451 2776 in
483 2734 627 2776 codice
660 2734 969 2777 Florentino
1004 2737 1069 2777 est
1102 2737 1145 2776 et
1177 2734 1223 2776 in
1253 2733 1577 2776 Einsidlensi
1610 2732 1768 2789 primo,
1804 2747 1855 2774 ex
1886 2747 2003 2788 prae-

240 2807 404 2850 fatione
443 2805 560 2847 illius
599 2807 820 2862 anonymi,
861 2807 928 2849 cui
967 2807 1073 2848 haec
1111 2806 1303 2848 recensio
1343 2805 1541 2859 debetur,
1577 2807 1724 2846 natam
1764 2819 1854 2846 esse
1893 2804 2004 2845 affir-

242 2879 402 2921 mantis
435 2892 527 2920 sese
561 2878 713 2920 ‘instar
737 2878 837 2920 Iulii
863 2878 1069 2921 Pollucis'
1097 2878 1228 2919 verba
1254 2876 1468 2932 capitibus
1495 2875 1760 2930 distinxisse3
1793 2874 1839 2932 2)
1865 2890 2003 2930 neque

242 2951 358 2993 enim
403 2950 539 2992 Iulius
583 2949 740 2992 Pollux
789 2951 896 2993 haec
939 2951 1294 2992 hermeneumata
1339 2946 1599 3003 composuit,
1651 2947 1724 2989 sed
1769 2946 2003 2988 estudiosus

243 3022 419 3078 quidam
458 3021 616 3063 Graece
655 3037 703 3064 ac
735 3022 888 3065 Latine
927 3021 1201 3064 mediocriter
1239 3019 1476 3075 callens'1);
1521 3017 1569 3076 3)
1600 3018 1731 3060 huius
1768 3017 2001 3072 exemplari

366 3118 399 3162 1)
427 3115 647 3161 Opportune
671 3116 820 3151 monuit
844 3115 1075 3160 Hauptius
1103 3115 1238 3160 Opusc.
1265 3114 1298 3147 11
1323 3125 1359 3159 p.
1386 3117 1456 3148 442
1485 3124 1508 3147 a
1532 3111 1767 3158 Raphaele
1794 3111 1999 3146 Volater-

243 3187 354 3211 rano
387 3175 748 3211 Commentariorum
784 3175 1014 3211 urbanorum
1045 3174 1139 3210 libro
1166 3173 1216 3208 IV
1243 3185 1279 3218 p.
1309 3177 1352 3208 56
1385 3173 1529 3218 primae
1556 3171 1733 3207 editionis
1760 3172 1859 3205 inter
1883 3170 2000 3204 libros
