2302 3505
731 203 1149 240 HERMENEVMA.TA
1177 202 1420 239 STEPHANI

206 316 368 357 minare
400 315 572 357 nemini.
606 316 770 358 ἀπείλει
804 315 960 367 μηδενί.

205 388 333 429 fidem
365 390 547 443 praesta.
580 387 716 429 πίςτιν
749 388 948 439 φύλαςςε.

205 463 476 515 praesentem
509 473 671 501 accusa.
711 459 906 510 παρόντα
939 473 1063 510 κατη-

266 533 394 584 γόρει

207 604 321 646 uitae
372 606 471 645 tuae
516 617 662 644 curam
707 616 798 658 age.
848 605 925 644 τοῦ
973 603 1063 655 βίου

267 679 341 718 cos)
375 676 587 728 φροντίδα
619 678 759 716 ποιοῦ.

171 762 188 788 5
208 747 370 802 impera
402 747 494 788 tibi.
529 747 722 789 ἐπίταςςε
756 749 906 801 ςαυτῷ.

208 818 423 860 similibus
455 818 537 860 tibi
564 818 712 860 amicis
739 820 871 859 utere.
905 817 1067 869 ὁμοίοις

269 895 432 946 ςεαυτῷ
467 892 609 943 φίλοις
642 894 742 943 χρῶ.

209 965 474 1004 senectutem
509 965 667 1018 specta.
710 967 844 1015 γῆρας
877 963 1065 1013 ἑκδέχου.

208 1035 333 1076 utilia
364 1050 478 1090 para.
514 1038 690 1088 χρήςιμα
724 1035 929 1086 ἑτοίμαζε.

208 1107 402 1163 supplica
446 1107 499 1147 ad
543 1106 658 1162 quod
707 1106 851 1147 habes.
902 1106 1067 1149 Θυςίαζε

269 1181 409 1222 καθὼς
442 1179 563 1230 ἔχεις.

156 1338 189 1363 10
208 1322 416 1364 Hadriani
439 1322 688 1364 sententiae.
719 1323 945 1374 Ἀδριανοῦ
967 1322 1068 1363 ἀπο-

271 1395 429 1447 φάςεις.

209 1469 383 1521 petente
417 1467 602 1522 quodam
636 1466 860 1509 αἰτοῦντός
892 1479 1008 1507 τινος

210 1542 257 1579 ut
290 1539 510 1594 militaret,
541 1540 613 1581 ἵνα
646 1539 886 1592 ςτρατεύςῃ,

208 1610 454 1653 Hadrianus
488 1611 607 1665 dixit,
639 1611 860 1662 Ἁδριανὸς
893 1609 1012 1651 εἶπεν

209 1683 282 1725 ubi
316 1684 383 1725 uis
415 1683 631 1725 militare?
665 1686 750 1725 ποῦ
784 1684 920 1725 θέλεις
954 1695 1069 1733 (τρα-

269 1760 427 1812 τεῦςαι;

160 1843 192 1868 15
214 1828 287 1870 illo
321 1828 501 1882 dicente,
533 1827 698 1869 ἐκείνου
732 1828 950 1879 λέγοντος,

211 1900 255 1942 in
287 1900 521 1956 praetorio:
556 1900 615 1941 εἰς
647 1902 697 1941 τὸ
724 1899 1003 1950 πραιτώριον·

212 1971 459 2014 Hadrianus
511 1970 799 2027 interrogauit
848 1971 1069 2022 Ἁδριανὸς

271 2046 471 2097 ἐξήταςεν

212 2116 385 2158 interim
418 2116 463 2157 in
490 2116 654 2157 urbana
679 2114 853 2156 militia:
886 2116 933 2156 ἐν
960 2115 1070 2169 τόςῳ

272 2189 320 2230 ἐν
352 2193 401 2243 τῇ
436 2191 627 2243 πολιτικῇ
661 2188 871 2241 ςτρατείᾳ·

213 2263 254 2301 et
295 2260 331 2302 si
369 2261 510 2302 bonus
549 2259 673 2301 miles
706 2259 857 2313 fueris,
895 2260 963 2300 καὶ
996 2259 1072 2300 ἐὰν

272 2334 402 2374 καλὸς
435 2333 691 2385 ςτρατιώτης
723 2334 844 2386 γένῃ,

159 2419 193 2444 20
213 2404 341 2446 tertio
375 2403 588 2459 stipendio
621 2404 748 2457 τρίτῳ
784 2406 928 2458 βαθμῷ

212 2477 374 2532 poteris
400 2476 445 2518 in
471 2475 735 2532 praetorium
761 2474 1072 2517 transcendere.

273 2551 430 2604 δυνήςῃ
498 2549 557 2591 εἰς
622 2548 884 2600 πραιτώριον
948 2561 1072 2598 μετα-

276 2625 406 2674 βῆναι

213 2707 289 2747 per
319 2692 517 2734 libellum
549 2693 619 2734 διὰ
653 2692 857 2745 βιβλιδίου

213 2764 460 2818 postulante
493 2764 680 2819 quodam
709 2763 930 2807 ἀξιοῦντος
957 2775 1073 2804 τινος

215 2839 263 2877 ut
295 2835 500 2877 libertum
533 2850 658 2877 suum
683 2836 755 2878 ἵνα
781 2834 1074 2885 ἀπελεύθερον

275 2909 408 2950 αὑτοῦ

164 2994 197 3019 25
216 2979 407 3035 puniret,
446 2978 518 3034 qui
554 2981 656 3020 ante
695 2981 867 3034 tempus
905 2977 1074 3032 κολάςῃ,

276 3053 325 3094 ὃς
357 3053 441 3104 πρὸ
475 3051 636 3104 χρόνου

217 3123 262 3164 in
291 3123 495 3165 latumias
527 3122 772 3177 damnatus,
811 3122 870 3164 εἰς
906 3124 1072 3164 λιθοτο-

277 3196 370 3247 μίας
403 3194 766 3245 καταδεδικαςτός,

1870 202 1954 243 387

1101 317 1251 369 postea
1283 311 1551 369 congiarium
1584 312 1687 364 μετὰ
1718 315 1851 353 ταῦτα
1883 313 1960 363 τὴν

1163 387 1352 428 ἐπίδοςιν

1104 472 1229 498 suum
1260 455 1452 511 petebat:
1485 456 1617 498 αὑτοῦ
1650 457 1809 511 ᾐτεῖτο·

1102 528 1348 570 Hadrianus
1380 528 1500 582 dixit,
1530 528 1751 579 Ἁδριανὸς
1785 526 1916 577 εἶπεν,

1104 600 1207 654 quid
1263 599 1406 655 queris
1461 599 1682 641 hominem
1736 599 1774 640 τί
1824 601 1961 650 ζητεῖς
1982 610 2016 633 30

1164 672 1395 724 ἄνθρωπον

1105 744 1282 799 perdere
1317 744 1367 784 de
1400 759 1484 799 quo
1517 743 1723 785 ἀπολέςαι
1757 744 1799 786 ἐξ
1833 742 1884 784 οὗ

1106 815 1191 856 iam
1224 815 1467 857 uindicatus
1501 831 1544 856 es
1576 817 1656 868 ἤδη
1689 817 1940 867 ἐξεδικήθης,

1106 887 1361 943 impudens?
1395 888 1587 942 ἀναιδής;

1105 962 1277 1014 petente
1311 960 1496 1014 quodam
1529 958 1751 1001 αἰτοῦντος
1783 971 1898 999 τινος

1107 1031 1157 1072 de
1189 1031 1280 1072 filio
1313 1046 1390 1072 suo
1423 1032 1519 1082 περὶ
1553 1031 1661 1072 ἰδίου
1695 1030 1789 1071 υἱοῦ
1985 1039 2019 1064 35

1107 1103 1221 1158 quod
1254 1118 1298 1144 se
1330 1102 1573 1159 negligeret
1606 1102 1669 1143 ὅτι
1704 1102 1835 1143 αὑτὸν
1867 1101 1963 1152 ἠμε-

1168 1178 1230 1217 λει

1107 1263 1129 1286 *
1192 1263 1214 1286 ιιι
1276 1263 1298 1286 *
1367 1246 1630 1289 ἀςθενοῦντα

1108 1322 1150 1359 et
1182 1334 1426 1374 pauperem,
1459 1319 1526 1360 καὶ
1559 1318 1814 1372 πενόμενον,

1108 1390 1152 1431 in
1197 1406 1324 1445 quem
1369 1405 1540 1431 omnem
1582 1389 1869 1431 substantiam
1908 1389 1966 1431 εἰς

1168 1465 1220 1505 ὃν
1253 1466 1391 1505 πᾶςαν
1424 1465 1501 1515 τὴν
1534 1463 1680 1504 οὐςίαν

1109 1550 1229 1576 suam
1286 1537 1597 1576 consumserat:
1655 1535 1787 1576 αὑτοῦ
1842 1537 1966 1575 δεδα-
1987 1544 2022 1567 40

1168 1610 1365 1660 πανήκει·

1108 1679 1353 1721 Hadrianus
1387 1678 1532 1720 iuueni
1558 1679 1780 1730 Ἁδριανὸς
1813 1681 1873 1733 τῷ
1900 1692 1967 1720 νε-

1169 1752 1322 1806 ανίςκῳ

1110 1823 1230 1877 dixit,
1262 1826 1383 1864 tuere
1417 1823 1548 1874 εἶπεν,
1583 1824 1769 1875 φύλαςςε

1108 1898 1275 1950 patrem
1308 1899 1449 1937 tuum:
1483 1896 1559 1937 τὸν
1593 1893 1756 1944 πατέρά
1789 1906 1883 1933 ςου·

1111 1967 1225 2023 (ideo
1265 1967 1379 2009 enim
1419 1971 1461 2009 te
1501 1964 1686 2023 genuit),
1711 1964 1801 2022 (διὰ
1839 1967 1968 2005 τοῦτο

1169 2041 1251 2091 γάρ
1285 2055 1327 2082 ce
1361 2038 1631 2094 ἑγέννηςεν)

1111 2115 1153 2153 et
1197 2127 1298 2153 cura
1336 2127 1390 2153 ne
1429 2112 1586 2152 iterum
1631 2110 1698 2152 καὶ
1737 2108 2022 2160 mpov11COV4⁵

1170 2187 1222 2236 μὴ
1258 2184 1386 2225 πάλιν

1111 2256 1161 2297 de
1196 2259 1238 2297 te
1271 2258 1486 2311 queratur.
1520 2255 1618 2306 περὶ
1645 2257 1719 2295 ςοῦ
1747 2253 1969 2304 μέμψηται.

1112 2328 1332 2369 codicillos
1365 2327 1539 2382 quidam
1572 2326 1835 2368 κοδικίλλους
1868 2324 1928 2364 τὶς

1111 2400 1330 2442 Hadriano
1357 2398 1562 2455 porrexit,
1579 2398 1788 2451 Ἀδριανῷ
1809 2397 1970 2437 ἐπέδω-

1172 2488 1256 2525 κεν,

1111 2560 1187 2600 per
1221 2559 1328 2600 quos
1361 2543 1530 2585 dicebat
1563 2541 1615 2584 δι>
1649 2540 1710 2583 ὧν
1743 2540 1928 2593 ἕφαςκεν

1112 2617 1257 2672 plures
1291 2631 1382 2657 esse
1416 2615 1620 2657 πλείονας
1653 2613 1760 2655 εἶναι
1991 2622 2025 2646 50

1112 2690 1379 2731 feneratores
1424 2686 1497 2742 qui
1543 2685 1712 2741 iniquas
1752 2683 1971 2726 δανειςτὰς

1173 2763 1327 2804 οἵτινες
1361 2760 1532 2802 ἀδίκους

1113 2848 1265 2875 usuras
1298 2831 1548 2889 exigebant,
1582 2830 1734 2871 τόκους
1767 2828 1971 2883 ἀπῄτουν,

1114 2906 1158 2946 in
1190 2904 1348 2960 quibus
1381 2903 1590 2958 quosdam
1622 2903 1670 2944 ἐν
1702 2900 1766 2942 οἷς
1798 2913 1915 2941 τινας

1113 2978 1158 3018 in
1190 2975 1386 3018 denarios
1419 2976 1478 3018 εἰς
1511 2973 1692 3026 δηνάρια

1113 3049 1230 3090 mille
1263 3047 1467 3089 continuo
1500 3046 1613 3098 χίλια
1646 3046 1822 3094 ἐξαυτης
1991 3052 2025 3077 55

1114 3120 1280 3161 dierum
1319 3121 1491 3160 centum
1529 3119 1573 3158 et
1608 3117 1779 3167 ἡμερῶν
1819 3113 1972 3157 ἑκατὸν

1172 3194 1239 3234 καὶ

1612 3257 1685 3293 25*
