2194 3475
170 921 204 946 10

731 146 1148 183 HERMENEVMATA
1176 146 1495 183 MONACENSIA

228 272 373 299 ceome
406 258 532 300 ardeo

227 329 290 371 001
323 330 445 372 ardes

227 405 319 444 cete
353 402 473 444 ardet

228 477 611 516 catacecaumenon
645 475 884 516 ustulatum

230 546 456 588 catallasso
491 535 665 588 demuto

226 617 450 673 cataplebo
485 618 673 673 despicio

225 692 444 744 catorysso
478 690 614 732 obruo

224 760 379 803 catalio
414 761 590 804 deuerto

224 833 411 874 catafero
445 833 611 889 depono

225 905 523 948 catasticonun
556 907 775 949 constituo
810 923 912 964 ergo

223 981 467 1020 catecaston
500 994 576 1034 per
609 979 781 1036 singula

222 1050 436 1093 catarrion
468 1067 545 1107 pro
578 1052 705 1094 modo

198 1120 477 1165 ‘catatinauti
507 1124 629 1166 nanti
663 1125 840 1167 eandem
873 1126 1086 1168 rationein

169 1281 202 1306 15

166 1643 200 1681 20

223 1197 395 1250 cataper
427 1196 538 1238 sicut
568 1204 571 1206 '

222 1266 378 1309 colatio
413 1268 602 1311 adulatio

221 1338 343 1381 colax
377 1339 574 1383 adulator

222 1412 461 1468 cegaralbis
493 1429 593 1455 nam
627 1414 753 1456 aliter

220 1485 477 1541 cegaraxion
511 1487 671 1529 etenim
705 1487 884 1543 dignum

219 1557 465 1600 cathal-ison
498 1574 636 1616 purga

221 1629 375 1671 ololizo
409 1630 528 1673 ululo

219 1700 385 1744 ololizis
418 1702 557 1746 ululas

220 1773 363 1815 ololizi
397 1774 536 1817 ululat

222 1845 453 1902 ololigmos
485 1848 677 1890 ululatus

187 1966 190 1968 ¹
220 1918 327 1960 odus
361 1919 464 1961 dens

165 2003 198 2028 25

163 2364 198 2390 30

224 1990 404 2033 odontes
437 1992 587 2034 dentes

219 2063 416 2105 odontias
449 2064 588 2107 dentit

219 2135 394 2178 odontia
426 2136 567 2179 dentis

218 2223 459 2251 uconomon
493 2210 698 2266 dispendo

217 2281 449 2324 ucodomos
482 2282 632 2325 edifico

218 2354 438 2397 ucodomis
471 2358 660 2397 structor

217 2427 442 2469 ucodomia
474 2431 691 2470 structura

217 2499 300 2541 udo
333 2502 453 2541 tumo

218 2571 313 2613 udis
345 2571 478 2614 tumis

1904 150 1982 190 151

1128 258 1200 300 udi
1234 261 1373 300 tumet

1129 331 1211 372 uda
1243 334 1388 372 tumor

1128 403 1311 445 udamen
1344 403 1431 445 5010

1129 475 1233 517 11(105
1265 475 1348 517 5015

1127 547 1239 588 11(1011
1272 547 1354 588 scit

1128 618 1251 660 ucida
1282 620 1426 661 nescio

1126 691 1284 745 ucydes
1316 692 1455 734 nescis
2008 692 2042 715 4⁰

1126 762 1279 804 uciden
1311 763 1449 805 nescit

1126 834 1273 876 unices
1305 850 1472 890 ungues

1127 906 1228 948 onix
1261 921 1349 948 unx

1126 979 1276 1020 orthos
1308 982 1451 1021 rectus

1126 1051 1252 1093 ortho
1287 1051 1406 1107 erigo

1125 1123 1263 1165 orthis
1297 1123 1436 1179 eriges

1125 1195 1239 1237 orthi
1274 1195 1412 1251 eriget

1125 1267 1412 1309 orchomenon
1448 1270 1637 1309 erectum

1125 1339 1335 1382 orcizome
1369 1339 1530 1381 irascor

1122 1412 1304 1454 orcizete
1338 1411 1536 1453 irascitur
2006 1411 2040 1433 ⁵⁰

1122 1484 1292 1540 orgilon
1325 1483 1575 1525 iracundum

1122 1555 1285 1612 orgilos
1319 1555 1548 1597 iracundus

1122 1628 1424 1683 odipotetropo
1458 1642 1727 1682 quocumque
1761 1628 1887 1669 modo

1122 1716 1216 1742 ome
1251 1700 1404 1756 opinor

1121 1775 1316 1814 oteomos
1348 1787 1486 1827 neque
1520 1775 1664 1814 tamen

1120 1844 1256 1886 osacis
1289 1844 1443 1899 depote
1478 1844 1862 1899 quotienscumque

1119 1916 1282 1958 odirete
1316 1916 1541 1972 deplorant

2006 1771 2039 1796 55

1120 1988 1316 2030 odironte
1348 1988 1548 2044 planctus

1120 2060 1308 2103 odirmos
1342 2060 1569 2117 dispositio

1120 2132 1345 2175 oconomia
1378 2133 1602 2175 edificatur
2002 2132 2036 2154 ‘⁴¹'

1119 2206 1352 2247 ocodomus
1385 2220 1563 2247 acumen

1119 2278 1248 2321 oxitis
1280 2278 1390 2320 nihil
1422 2277 1596 2333 prodest

1120 2350 1367 2393 odenofelos
1400 2349 1550 2405 quanti
1583 2349 1666 2391 fuit

1119 2424 1244 2466 osuin
1275 2438 1362 2465 non
1394 2422 1490 2463 ledo

1119 2496 1295 2551 oblapto
1328 2510 1415 2536 non
1446 2493 1542 2535 ledo

1120 2570 1444 2625 otegarampote
1465 2580 1602 2620 neque
1621 2565 1735 2607 enim
1750 2565 1979 2620 aliquando

2001 2493 2034 2515 65

336 2680 369 2712 4.
397 2679 736 2713 catececaumenon
763 2691 787 2714 a
812 2679 824 2723 ΙΙ
850 2683 880 2714 6.
910 2678 1112 2724 catablepo
1139 2688 1163 2711 a
1182 2678 1193 2719 ss
1223 2679 1253 2710 7.
1282 2672 1466 2709 catarisso
1493 2684 1517 2707 a
1542 2672 1554 2716 ΙΙ
1584 2675 1639 2706 10.
1667 2670 1894 2716 castigonun
1920 2684 1943 2706 a
1973 2671 1976 2717 Ι

216 2736 388 2782 costiguo
414 2749 438 2772 α
457 2737 468 2781 ΙΙ
492 2741 544 2772 ll.
571 2736 816 2773 cathecaston
836 2750 860 2773 (ι
879 2739 891 2783 ΙΙ
913 2742 966 2773 12.
995 2735 1184 2772 catatrion
1209 2747 1233 2770 a
1252 2735 1263 2779 ΙΙ
1287 2737 1340 2769 13.
1369 2730 1514 2767 catatin
1541 2731 1650 2766 autin
1677 2730 1904 2776 antilogiam
1925 2744 1949 2767 α
1968 2731 1980 2778 ΙΙ

220 2801 273 2833 14.
301 2797 481 2842 cathaper
506 2810 530 2833 ιι
560 2800 572 2841 ΙΙ
605 2801 659 2833 19.
686 2797 877 2833 catarison
903 2799 1033 2843 (11121.
1061 2795 1204 2841 oloyzis
1231 2795 1361 2839 (11128.
1389 2803 1572 2827 uconomo
1595 2804 1666 2837 pro
1693 2803 1798 2828 ocon.
1825 2804 1849 2827 a
1872 2796 1876 2834 ι
1900 2791 1978 2826 dis-

216 2868 333 2902 penso
359 2869 383 2892 a
407 2859 419 2900 ΙΙ
444 2861 499 2892 29.
527 2857 729 2893 ucodomos
754 2869 826 2903 pro
853 2857 958 2893 ocod.
985 2871 1009 2893 α
1028 2859 1040 2903 ΙΙ
1060 2862 1115 2892 30.
1144 2853 1338 2890 ucodomis
1360 2863 1431 2898 pro
1458 2851 1562 2888 ocod.
1590 2865 1613 2887 α
1633 2853 1643 2896 ΙΙ
1665 2856 1719 2887 31.
1748 2851 1978 2887 uchodomia

211 2929 283 2962 pro
308 2915 438 2951 ochod.
460 2916 577 2962 ajl32.
605 2917 680 2952 udo
696 2929 767 2963 pro
787 2917 859 2953 odo
880 2931 903 2954 α
918 2918 928 2964 ζ’
943 2922 998 2953 33.
1021 2917 1113 2952 udes
1129 2928 1200 2962 pro
1223 2914 1312 2949 odes
1333 2925 1356 2948 a
1394 2913 1516 2947 tumes
1538 2912 1656 2957 (11134.
1678 2912 1743 2947 udi
1758 2924 1830 2958 pro
1850 2911 1952 2947 odia
1967 2902 1980 2949 11

217 2981 274 3013 35.
294 2976 369 3011 uda
383 2988 454 3021 pro
475 2976 550 3012 oda
565 2989 589 3012 α
607 2978 619 3022 ΙΙ
638 2980 694 3012 36.
715 2977 880 3012 udamen
894 2990 965 3023 pro
987 2977 1148 3012 odamen
1163 2988 1187 3011 a
1206 2977 1218 3020 u
1238 2978 1295 3009 37.
1317 2972 1408 3007 udes
1426 2983 1496 3017 pro
1522 2971 1612 3006 odes
1627 2984 1650 3007 α
1668 2972 1682 3017 ΙΙ
1701 2975 1757 3007 38.
1785 2972 1884 3007 uden
1906 2983 1978 3017 pro

218 3036 315 3071 oden
334 3049 358 3071 a
397 3040 452 3071 39.
474 3034 588 3070 ucida
602 3047 673 3081 pro
692 3036 802 3071 ocida
822 3050 846 3072 a
868 3039 941 3080 Q40.
962 3036 1091 3072 ucides
1108 3047 1179 3082 pro
1199 3045 1252 3070 00.
1275 3046 1301 3078 αἸ
1314 3037 1368 3067 41.
1390 3030 1528 3067 uciden
1542 3044 1614 3077 pro
1634 3042 1688 3067 00.
1710 3045 1734 3067 α
1747 3032 1758 3078 {i
1771 3035 1827 3068 42.
1849 3031 1978 3067 unices

214 3107 284 3141 pro
304 3095 431 3131 onices
450 3108 475 3131 a
491 3095 494 3142 Ι
512 3106 629 3140 unges
649 3096 697 3142 ail
715 3100 772 3132 47.
793 3096 907 3142 erigit
925 3097 974 3143 aff
987 3101 1044 3132 48.
1067 3095 1316 3132 orthomenon
1336 3105 1359 3128 a
1373 3092 1385 3138 ἶ]
1400 3095 1456 3127 53.
1478 3091 1724 3137 odipoterepo
1745 3104 1770 3127 a
1789 3092 1792 3136 is
1813 3095 1870 3126 54.
1893 3100 1977 3124 111110

214 3167 286 3200 pro
312 3167 394 3195 ome
415 3169 439 3192 a
456 3158 468 3201 ΙΙ
489 3160 544 3191 56.
566 3154 858 3200 quoiescumque
878 3169 902 3192 a
920 3158 932 3203 ΙΙ
952 3161 1009 3194 57.
1030 3154 1208 3192 oderethe
1230 3166 1253 3189 α
1272 3154 1283 3198 ΙΙ
1304 3157 1358 3188 61.
1382 3151 1585 3188 ocodomos
1600 3164 1647 3198 a¹¹
1662 3155 1719 3188 66.
1735 3150 1914 3196 ampothe
1929 3149 1978 3196 αῘΙ
