2271 3505
232 208 653 245 HERMENEVMATA
679 209 866 246 CODICIS
894 210 1133 248 VATICANI
1160 210 1380 247 REGINAE
1408 210 1704 247 CHRISTINAE
1734 216 1826 248 1260

232 319 385 362 elcosis
407 344 413 352 ·
436 320 679 362 uulneratio
714 321 852 376 epatis

232 391 340 434 ediis
371 392 604 434 asmaticus

231 464 345 506 elota
371 464 599 519 puluerata
626 465 790 520 species
817 466 886 507 uel
908 466 1098 509 resoluta

231 536 502 593 eligmatium
535 536 658 591 quasi
691 537 971 580 electuarium

193 626 210 652 5
231 608 573 650 emneomatosin
606 608 764 650 sirosin

231 682 347 723 eraffi
380 684 504 723 ustus
537 681 920 724 calcuticauminus

567 813 762 856 DE-F-

229 898 411 941 frenesis
460 898 664 941 alienatio
711 899 869 941 mentis
914 902 956 941 et
1002 915 1097 942 con—

290 970 483 1013 turbatio
521 973 675 1025 nature
715 971 794 1026 hec
828 972 972 1028 passio
1006 988 1096 1028 pes-

289 1043 397 1086 sima
425 1047 490 1086 est
517 1058 614 1086 cum
641 1044 774 1086 febris
801 1045 844 1086 in
876 1045 1097 1087 hominem

288 1131 570 1172 perseuerans

228 1187 360 1230 fialtis
417 1203 500 1244 que
559 1189 703 1231 incibo
756 1193 968 1232 uexantur
1018 1206 1095 1245 pro

289 1260 580 1317 indigestione
608 1262 678 1303 uel
705 1262 957 1304 crudatione
984 1262 1095 1303 cibo-

291 1348 387 1375 rum
421 1333 480 1375 -i-
516 1333 757 1376 incoctione

228 1405 498 1462 fagedinicus
533 1406 674 1448 orexis

175 1498 207 1522 10
228 1478 544 1534 flegmatismus
570 1479 729 1535 flegma
756 1479 894 1535 spissa
921 1479 1097 1536 pinguis

289 1553 331 1591 et
364 1550 585 1607 glutinosa

227 1624 473 1667 filotomion
505 1624 713 1666 ulceratio
747 1624 937 1666 faucium

228 1697 335 1739 flora
367 1697 648 1739 fascimentus

228 1769 397 1812 fincteri
431 1769 726 1825 posterionem

228 1841 486 1884 fomentatio
527 1841 818 1883 scaldamenta
857 1842 926 1884 uel
969 1857 1095 1898 uapo-

288 1914 479 1957 rationes

178 2007 208 2030 15
229 1987 423 2029 fitiriasis
457 1986 723 2029 cantabriem

228 2060 395 2102 filaicus
440 2075 522 2116 quq<¹
566 2059 818 2102 catarticum
859 2060 1015 2115 accipit
1054 2064 1097 2102 et

288 2147 376 2174 non
410 2132 542 2174 soluit

228 2204 435 2264 sarmatia
462 2205 628 2247 curatio
662 2205 995 2247 medicaminum

228 2277 380 2319 farcim
414 2277 573 2320 uermis
606 2278 789 2320 carnalis

228 2349 365 2392 faucis
397 2349 500 2406 gula
534 2350 713 2393 interior

176 2446 208 2468 κο
228 2423 373 2464 fusum
415 2422 585 2477 quando
626 2423 668 2464 in
708 2424 811 2479 gula
850 2427 1013 2466 tusscm
1053 2427 1095 2466 et

289 2510 461 2537 raucam
495 2510 646 2537 uocem
679 2496 782 2538 facit

228 2565 400 2623 fitisisl)
458 2567 664 2610 ulceratio
718 2568 974 2624 pulmonum
1026 2570 1096 2613 uel

289 2639 448 2682 toi-acis

229 2712 286 2754 fel
320 2712 464 2754 rufum
498 2713 639 2755 colera
672 2713 805 2754 rubea

356 2859 389 2899 1)
417 2855 429 2890 i
451 2862 536 2902 post
561 2856 580 2890 f
596 2869 668 2902 pro
696 2869 718 2891 a
744 2868 826 2903 sup.
853 2869 920 2893 scr.
948 2870 992 2893 m.
1023 2862 1039 2892 Ι
1063 2860 1073 2902 Η

1915 213 1998 254 601

1136 321 1300 364 fabrica
1321 346 1328 354 ·
1351 324 1494 364 totum
1527 336 1681 377 corpus
1714 322 1902 364 hominis

1136 394 1250 436 fetor
1281 394 1494 450 pessimus
1528 394 1634 437 odor
1677 419 1679 421 ·

1136 465 1331 507 flectinas
1365 466 1484 508 simil·
1513 467 1669 523 papule
2024 487 2057 511 25

1137 538 1370 580 farmatum
1402 539 1765 582 medicamentum

1137 611 1361 653 frustellus
1394 612 1594 654 nudellus

1136 682 1300 724 femora
1334 698 1461 725 coxas

1468 817 1667 859 DE-G·

1136 899 1317 955 gonoria
1344 915 1426 955 que
1449 901 1540 943 sine
1563 901 1787 944 uoluntate
1809 902 2002 944 defluunt

1196 987 1365 1027 sperma

1135 1044 1256 1100 girus
1290 1045 1474 1087 circulus
2023 1067 2057 1089 30

1136 1116 1339 1173 gorgulio
1386 1133 1467 1172 que
1514 1118 1765 1173 pulmonem
1811 1119 2003 1161 continet

1195 1188 1298 1244 gula
1331 1189 1446 1231 enim
1479 1193 1544 1232 est

1136 1261 1369 1317 gargarion
1403 1261 1603 1317 epiclosis

1136 1333 1355 1389 garicinus
1388 1334 1646 1389 suffragines

1136 1420 1294 1461 gumen
1331 1406 1471 1447 resina
1505 1406 1555 1448 de
1589 1408 1773 1449 cei-sario
1807 1411 1881 1450 aut
1907 1424 2003 1464 pru-

1195 1478 1317 1520 nario

1137 1551 1336 1593 ictericus
1357 1552 1613 1609 eruginosus
1634 1553 1749 1609 quod
1770 1556 1835 1595 cst
1853 1553 2004 1597 effusio
2026 1572 2059 1597 35

1197 1624 1311 1665 fellis
1350 1625 1431 1667 rufi
1466 1625 1535 1667 uel
1568 1625 1706 1667 meliti
1741 1626 1928 1668 uertitur
1960 1627 2006 1668 in

1197 1712 1370 1739 omnem
1416 1698 1608 1753 corporis
1654 1698 2004 1756 contrarietatem

1139 1770 1350 1812 ichimeda
1382 1770 1603 1826 pernionis

1139 1842 1382 1899 igrocefalis
1409 1843 1657 1899 fagolentus
1685 1844 1861 1901 sanguis
1891 1844 2004 1886 inter

1197 1916 1492 1958 membranam
1526 1919 1568 1958 et
1601 1919 1743 1958 cutem

1137 1988 1225 2030 icar
1256 1989 1364 2030 tibel
1699 1985 1704 1988 ’

1136 2061 1283 2103 1110001

1196 2133 1307 2175 sicae

1327 2061 1574 2103 debilicatio
1621 2061 1811 2104 sentines
1853 2064 1895 2104 ct
1935 2077 2002 2103 ue-

1137 2205 1370 2248 intiasmon
1404 2207 1568 2262 species
1602 2207 1767 2249 maniae
2023 2227 2057 2250 41·

1136 2278 1301 2320 ictuace
1341 2279 1413 2334 qui
1449 2279 1566 2335 loqui
1600 2295 1687 2322 non
1719 2283 1900 2336 possunt
1934 2280 2003 2322 uel

1131 2354 1137 2373 ¹
1196 2351 1390 2393 membra
1424 2351 1610 2394 iudicare

1136 2423 1220 2464 imo
1254 2424 1412 2466 fundus

1137 2495 1248 2551 ignis
1269 2512 1365 2538 acer
1386 2496 1576 2552 epulatio
1598 2498 1870 2553 pustularum
1891 2498 2001 2540 circa

1194 2571 1336 2610 cutem

1137 2641 1288 2682 iomias
1322 2641 1514 2684 derbitas

1138 2714 1454 2756 intervocilicus
1477 2739 1482 2745 ·
1513 2715 1766 2757 intrinsecas
1799 2719 2001 2770 rupturas
2021 2734 2055 2758 -15

354 2993 384 3024 1.
407 3000 474 3025 om.
490 3001 515 3025 α
533 2990 544 3034 ΙΙ
565 2993 596 3024 5.
619 2989 878 3026 eneumatosis
897 2990 922 3026 i.
946 2990 1121 3027 sclerosis
1142 3004 1165 3026 a
1184 2993 1196 3037 ΙΙ
1217 2995 1248 3026 6.
1271 3001 1421 3026 eramus
1440 3003 1465 3026 a
1483 2991 1495 3035 ΙΙ
1515 2994 1547 3026 7.
1567 2989 1739 3026 febribus
1760 2990 1800 3026 in
1819 3001 1934 3025 unum
1952 3002 1976 3025 α

230 3054 263 3086 8.
286 3049 476 3085 cruditate
495 3061 541 3086 επ
560 3049 786 3086 credulitate
801 3063 846 3086 m.
862 3053 888 3088 2
902 3051 944 3088 in
957 3064 981 3088 a
999 3053 1012 3097 ΙΙ
1031 3056 1063 3088 9.
1084 3051 1280 3097 fagedicus
1295 3064 1319 3086 α
1339 3053 1350 3097 ΙΙ
1373 3055 1427 3086 12.
1442 3049 1708 3086 fascimentum
1722 3064 1745 3086 α
1765 3051 1776 3095 ΙΙ
1799 3054 1850 3086 15.
1867 3049 1999 3084 fitiari-

231 3109 282 3145 sis
309 3122 333 3146 a
357 3112 369 3155 ss
395 3114 451 3146 20.
478 3109 595 3145 tussis
628 3111 687 3145 est
712 3111 752 3146 et
784 3123 807 3147 a
833 3113 844 3158 ΙΙ
870 3115 928 3148 25.
959 3111 1128 3158 fieganas
1161 3124 1185 3147 a
1209 3113 1298 3157 1126.
1332 3110 1541 3146 farmacum
1574 3111 1704 3156 α1127.
1732 3109 1906 3146 nodellus
1939 3123 1963 3145 a

232 3174 288 3206 33.
317 3169 508 3216 garizimis
535 3182 560 3206 α
584 3171 596 3216 ΙΙ
622 3173 679 3206 34.
707 3171 776 3206 aut
801 3171 847 3206 de
872 3171 1045 3218 pomario
1072 3184 1096 3207 a
1120 3173 1132 3217 ΙΙ
1152 3176 1208 3208 37.
1237 3170 1448 3216 sigolentus
1477 3170 1632 3217 sanguis
1662 3184 1686 3207 ιι
1705 3173 1716 3216 ΙΙ
1737 3175 1793 3207 38.
1820 3170 1920 3206 tiber
1945 3172 1989 3216 a}

232 3234 288 3267 39.
316 3229 425 3267 ilioor
450 3243 474 3266 a
493 3231 504 3276 ΙΙ
524 3234 581 3267 40.
607 3230 727 3266 intras
753 3231 815 3268 mo
841 3244 864 3267 α
885 3233 972 3278 1141.
999 3230 1137 3266 ictuati
1162 3243 1186 3267 α
1205 3233 1216 3278 ΙΙ
