2164 3470
969 152 1245 189 PRAEFATIO
1848 151 1916 188 XX
1923 151 1991 187 XV

229 263 550 319 Monacense,
592 263 1102 318 Montepessulanum
1144 261 1310 304 mendis
1351 260 1628 303 librariorum
1672 264 1857 318 purgata
1901 262 1991 303 sine

230 339 438 391 apparatu
490 335 638 378 critico
691 334 888 389 exhibui,
941 334 1240 376 adnotationes
1293 333 1458 388 aliquot
1508 332 1665 387 quibus
1719 348 1861 375 carere
1905 348 1992 375 non

228 408 351 462 potui
383 408 483 449 111110
514 405 771 462 praefationi
805 405 1054 447 inserturus.
1118 405 1295 448 Exclusi
1329 404 1579 460 Stephani
1613 404 1876 459 colloquia
1909 404 1991 445 duo

229 478 287 536 (p.
322 476 579 534 376—390)
612 480 660 519 ut
692 477 746 518 ab
780 476 873 531 ipso
908 476 1070 518 editore
1103 477 1188 518 iam
1221 477 1458 519 emendata.

351 548 677 604 Colloquium
713 547 963 589 Leidense
1004 548 1118 601 quod
1156 548 1321 603 reliqua
1360 548 1552 589 exilitate
1592 550 1766 603 superat
1804 547 1993 588 eiusdem

227 620 452 676 prosapiae
492 623 556 662 est
592 619 713 662 euius
745 619 934 674 primum
967 617 1216 674 Stephani
1250 620 1530 676 colloquium,
1567 620 1641 661 sed
1672 619 1717 661 in
1748 620 1833 661 fine
1865 618 1992 660 muti-

228 692 376 734 latum.
440 691 531 742 Qua
569 706 614 733 re
651 706 739 732 non
778 690 972 732 dubitavi
1011 690 1310 733 traiectionem
1344 691 1657 747 Boeckingii
1690 693 1715 744 ἓ
1748 692 1772 733 8
1807 690 1879 748 (ἦν
1912 691 1993 742 γὰρ

229 765 289 807 εἰ(
336 767 566 816 βαλανεῖον
612 761 747 819 ἰτέον)
790 762 967 804 reicere:
1013 762 1064 803 ef.
1096 778 1137 817 p.
1165 764 1269 818 378,
1297 764 1365 804 27.
1394 764 1462 805 28.
1526 763 1704 805 Formas
1744 777 1852 818 quae
1892 764 1993 803 sunt

230 841 366 888 εμαΘα
398 838 423 888 ξ
452 837 475 877 7
510 838 553 876 et
586 838 749 887 εδραμα
781 836 806 886 ξ
834 835 858 876 8
892 833 1119 875 admittere
1151 834 1283 876 nolui.

349 906 674 962 Colloquium
693 905 1029 947 Harleianum
1057 920 1109 947 ex
1136 905 1279 947 codiee
1306 905 1490 961 pessime
1516 905 1666 946 habito
1687 905 1984 961 refingendum

227 978 321 1019 fuit.
373 978 488 1028 Quae
521 977 690 1020 uncinis
724 976 1005 1033 angularibus
1038 976 1210 1033 inclusi,
1243 976 1334 1032 ipse
1367 976 1580 1032 supplevi,
1614 991 1720 1032 quae
1754 975 1984 1031 quadratis,

229 1049 493 1106 seiungenda
531 1065 622 1091 esse
662 1064 832 1104 censeo,
877 1063 984 1103 quae
1024 1048 1221 1090 rotundis
1261 1048 1444 1104 denique
1482 1048 1629 1089 notavi
1669 1047 1808 1103 uncis,
1847 1062 1895 1090 ea
1933 1047 1984 1087 ad

229 1121 468 1164 orationem
507 1121 755 1163 variandam
792 1120 1008 1176 pertinere
1047 1123 1165 1176 puto.
1229 1122 1254 1173 ξ
1290 1123 1325 1162 1.
1369 1134 1450 1174 pro
1483 1119 1719 1170 ἀναγκαῖον
1753 1118 1860 1161 εἶναι
1894 1117 1985 1165 (ne-

229 1193 461 1235 cessarium
501 1191 612 1250 esse)
649 1207 759 1235 nuuc
788 1193 918 1247 posui
956 1192 1192 1243 ἀναγκαῖόν
1231 1194 1342 1235 ἐςτιν
1375 1191 1683 1249 (necessarium
1722 1189 1824 1248 est),
1861 1205 1986 1244 neque

228 1267 338 1308 enim
375 1267 575 1320 quomodo
606 1266 864 1319 infinitivum
896 1265 1108 1318 expediam
1140 1264 1313 1306 invenio.
1349 1289 1402 1292 -—
1435 1263 1600 1305 Ibidem
1631 1266 1726 1305 ante
1758 1263 1865 1315 πρὸ(
1896 1263 1984 1314 ἡλι-

229 1337 324 1380 κίαν
368 1336 442 1394 (ad
486 1333 693 1392 aetatem)
736 1336 869 1378 nescio
913 1349 970 1377 aii
1015 1335 1135 1376 ὅπως
1180 1334 1233 1377 ἄν
1277 1333 1365 1391 (ut)
1410 1335 1664 1377 intercidisse
1702 1338 1896 1377 statuam.
1931 1359 1985 1364 —

230 1410 255 1461 ξ
289 1409 326 1451 8.
366 1408 534 1453 ἕπαιζεε
568 1408 736 1451 Geleero
768 1407 942 1450 debetur.
971 1432 1024 1435 —
1054 1408 1078 1459 ξ
1106 1408 1144 1448 9.
1187 1410 1208 1459 β
1243 1407 1380 1448 littera
1410 1420 1516 1460 quae
1540 1409 1636 1460 post
1666 1409 1899 1458 πραιτῶριν
1931 1407 1990 1447 est

228 1483 322 1523 teste
353 1479 666 1522 Krumbachero
696 1480 830 1522 nescio
862 1492 941 1532 quo
972 1481 1152 1531 spectare
1182 1479 1330 1520 dicam.
1359 1503 1412 1507 —
1445 1480 1469 1530 ξ
1502 1478 1570 1519 21.
1604 1477 1756 1529 ἀηδίαν
1788 1477 1987 1528 ἐποὶηεεν

234 1551 397 1596 Gelzeri
428 1555 494 1596 est.
524 1578 578 1580 —
606 1553 631 1604 ξ
664 1552 732 1593 23.
784 1551 978 1593 ἑκπλέκει
1011 1551 1120 1592 idem
1152 1551 1284 1592 valere
1315 1550 1423 1603 quod
1454 1548 1662 1604 ‘explicit’
1695 1550 1860 1591 conicio.
1922 1547 1989 1590 De

227 1624 398 1677 reliquis
429 1624 480 1676 cf.
506 1638 554 1665 ea
585 1637 690 1677 quae
720 1623 766 1664 in
785 1625 1096 1676 proyrammate
1121 1636 1207 1663 meo
1225 1636 1270 1675 p.
1299 1621 1451 1663 XVII
1470 1624 1780 1663 commemorato
1809 1621 1986 1674 exposui.

353 1695 451 1736 Duo
509 1709 617 1750 quae
669 1696 872 1736 secuntur
922 1692 1136 1748 colloquia
1185 1692 1512 1735 Monacensia
1564 1692 1736 1749 egregie
1787 1691 1988 1733 tractavit

228 1766 646 1808 Krumbaoherus
672 1766 697 1808 l.
720 1781 750 1808 s.
773 1781 816 1821 s.,
843 1780 867 1806 a
893 1764 1014 1806 euius
1042 1765 1229 1807 editione
1256 1780 1351 1807 mea
1376 1764 1546 1820 pendet,
1572 1763 1656 1806 nisi
1683 1763 1798 1820 quod
1824 1778 1988 1805 errores

229 1838 394 1894 aliquot
426 1838 609 1880 leviores
642 1836 808 1880 correxi
842 1839 884 1877 et
916 1836 1063 1891 paucis
1096 1837 1354 1892 quibusdam
1379 1836 1486 1878 locis
1512 1851 1651 1878 meam
1678 1836 1791 1877 viam
1818 1837 1988 1877 secutus

229 1925 336 1952 sum.
381 1909 442 1951 Vt
474 1913 619 1952 tamen
651 1924 777 1952 suum
812 1907 964 1962 cuique
996 1907 1197 1964 tribuam,
1229 1907 1512 1951 notabiliores
1538 1906 1912 1950 Krumbacheri
1945 1908 1988 1947 et

228 1981 414 2024 aliorum
436 1981 702 2023 coniecturas
723 1979 832 2038 (non
852 1978 988 2036 meas)
1009 1980 1091 2022 hoo
1110 1980 1204 2022 loeo
1227 1993 1442 2021 enumero.
1482 1980 1506 2031 ξ
1530 1981 1565 2020 1.
1593 1978 1752 2034 Ἀγαθῇ
1774 1979 1879 2032 τύχῃ
1903 1979 1989 2030 [καὶ

231 2054 441 2106 εὐτυχῶς]
468 2053 821 2096 Krumbaeherus.
855 2077 909 2081 —
945 2053 1166 2105 δύναεθαι]
1200 2052 1250 2094 ef.
1283 2067 1322 2107 p.
1351 2051 1438 2094 654
1470 2052 1495 2104 ἓ
1524 2053 1545 2093 1
1576 2054 1618 2092 et
1643 2066 1682 2107 p.
1710 2051 1809 2106 421,
1838 2050 1904 2091 17.
1933 2074 1986 2079 ——

232 2128 399 2178 μᾶλλον
419 2125 653 2168 dubitanter
678 2126 771 2168 add.
792 2125 871 2167 Kr.
894 2150 947 2154 —
970 2127 1100 2167 τοῦτο
1126 2125 1220 2167 add.
1238 2124 1318 2166 Kr.
1339 2148 1393 2152 —
1417 2124 1441 2175 ξ
1468 2124 1505 2165 2.
1530 2123 1811 2175 ἐγκοίμητραν
1832 2121 1910 2163 Kr.
1933 2146 1986 2149 —

229 2196 385 2240 λευκόν
428 2197 663 2240 Vulcanius.
698 2222 751 2226 —
786 2195 1033 2238 scriniarius
1066 2196 1145 2237 Kr.
1181 2221 1234 2225 -
1269 2194 1618 2250 praeductorium
1650 2194 1730 2236 Kr.
1764 2218 1818 2222 -
1853 2205 1988 2244 παρα-

228 2268 385 2321 γράφω
412 2269 491 2311 Kr.
521 2294 574 2298 ——
603 2271 628 2322 ἓ
661 2269 699 2310 3.
733 2282 886 2323 sermo,
919 2266 1189 2309 conuersatio
1222 2270 1259 2309 et
1284 2265 1488 2321 quoniam
1515 2266 1595 2308 Kr.
1623 2291 1676 2295 -
1705 2264 1989 2316 ὑποδεεμίδαε

229 2340 310 2383 Kr.
338 2366 391 2369 —
426 2342 451 2393 ἓ
483 2341 521 2382 4.
568 2340 850 2393 κατεφίληεεν
882 2339 961 2381 Kr.
991 2364 1045 2368 —-
1074 2341 1287 2392 κριτήριον
1319 2341 1357 2380 et
1387 2336 1594 2379 iudicium
1625 2337 1790 2380 seclusit
1823 2337 1905 2378 Kr.
1933 2360 1986 2364 -—

231 2412 344 2469 εἰδῇ(
387 2415 425 2454 et
466 2413 626 2455 Beatus
664 2411 894 2454 Rhenanus
936 2411 1065 2453 voluit
1107 2414 1145 2452 et
1182 2409 1394 2453 Christius
1438 2410 1485 2451 iri
1522 2409 1696 2463 epistula
1733 2410 1790 2451 ad
1828 2409 1987 2450 Krum-

230 2483 448 2526 bacherum
489 2484 612 2526 data:
658 2483 767 2525 nihil
812 2486 949 2524 tamen
986 2483 1166 2524 mutavi:
1209 2494 1336 2535 neque
1373 2480 1484 2522 enim
1513 2481 1772 2534 primariam
1807 2481 1990 2533 formam

229 2555 424 2608 colloquii
461 2557 698 2597 tractamus.
734 2580 787 2582 —
823 2554 869 2596 co
909 2554 1073 2596 seclusit
1103 2553 1182 2595 Kr.
1219 2577 1272 2581 -
1307 2551 1532 2603 ἐρούμενοι
1563 2555 1601 2593 et
1631 2551 1786 2593 dicturi
1819 2551 1898 2593 Kr.
1933 2576 1986 2580 —

231 2629 256 2679 ξ
289 2627 326 2668 ’5.
371 2627 581 2678 ἐξὲπληεα
614 2626 667 2668 ἂν
694 2625 966 2668 Boucherius.
1010 2639 1068 2667 aii
1100 2623 1390 2675 ἐξεπλεξάμην
1423 2622 1505 2664 dv?
1535 2648 1589 2651 —
1623 2625 1648 2675 ξ
1682 2624 1718 2665 6.
1765 2622 1987 2678 <ἕδωκαε>

232 2698 311 2739 Kr.
346 2723 399 2726 —
434 2698 469 2740 εἰ
514 2699 651 2741 θέλει(
690 2697 770 2738 Kr.
805 2722 859 2726 —
893 2698 918 2748 ξ
954 2698 991 2738 8.
1038 2695 1268 2738 olerarium
1306 2695 1388 2737 Kr.
1422 2719 1476 2723 —
1511 2696 1535 2746 ἕ
1569 2695 1606 2736 9.
1654 2695 1917 2749 (προσένεγκε
1962 2694 1988 2735 ἃ

232 2768 443 2820 ἀναγκαῖά
475 2769 606 2823 elcut>
633 2769 713 2810 Kr.
735 2794 788 2797 —
811 2770 1054 2821 ἐπιτήδειον
1079 2767 1159 2809 Kr.
1210 2767 1295 2809 Pro
1322 2768 1575 2821 apparatum
1601 2770 1797 2820 exspectes
1822 2768 1988 2821 aptum:

232 2840 282 2882 ef.
303 2839 344 2881 II
363 2856 403 2895 p.
425 2841 494 2895 20,
516 2841 584 2882 21.
601 2865 654 2870 —
673 2840 867 2882 λοπάδας
887 2840 967 2882 Kr.
988 2865 1042 2869 —
1065 2840 1190 2882 εὐθύς
1209 2838 1456 2881 Bursianus
1475 2841 1569 2880 teste
1587 2837 1908 2880 Krumbacliero.
1932 2862 1985 2865 —

236 2912 368 2968 <sed>
400 2912 482 2953 Kr.
510 2936 564 2940 ——
599 2912 715 2964 ὕδωρ
750 2913 911 2954 traiecit
939 2912 1019 2954 Kr.
1052 2936 1106 2941 ——
1142 2911 1167 2962 ἓ
1202 2910 1269 2952 10.
1314 2909 1416 2952 ὅεον
1447 2910 1527 2952 Kr.
1561 2935 1616 2939 —
1649 2912 1737 2952 τῶν
1769 2909 1988 2961 ὑπαίθρων

235 2983 446 3027 Christius
474 2984 497 3025 l.
518 2996 548 3025 s.
570 2996 601 3025 s.
629 2984 698 3025 διὰ
722 2987 800 3026 τοῦ
828 2986 988 3035 πτεροῦ
1014 2983 1094 3025 Kr.
1116 3008 1170 3011 —
1191 2996 1268 3037 per
1293 2984 1490 3037 pteroma
1509 2981 1589 3023 Kr.
1610 3006 1664 3011 —
1687 2982 1736 3022 τὸ
1758 2980 1889 3022 πάλαι
1908 2980 1987 3022 Kr.

235 3081 288 3086 —
317 3054 581 3096 introeamus
611 3053 774 3097 Traube
800 3058 892 3097 teste
917 3055 998 3096 Kr.
1024 3079 1078 3083 ——
1107 3053 1293 3105 ἄλειψαι.
1325 3053 1510 3105 Ἄλειψα
1536 3053 1747 3096 Cliristius
1774 3052 1798 3094 l.
1823 3065 1854 3094 s.
1879 3064 1909 3093 s.
1932 3076 1984 3079 —

235 3127 359 3193 <καὶ>
392 3126 623 3178 ὀξυκυάμια
655 3125 735 3167 Kr.
763 3151 818 3156 —
851 3124 952 3180 <et>
988 3124 1107 3166 fabas
1139 3123 1218 3165 Kr.
1247 3149 1301 3153 —
1329 3126 1354 3177 ξ
1389 3126 1455 3166 11.
1487 3124 1554 3167 De
1584 3124 1714 3176 νερόν
1744 3124 1795 3176 cf.
1825 3123 1905 3165 Kr.
1930 3146 1984 3151 ——

1651 3195 1698 3226 022
