2271 3505
271 157 358 198 652

330 268 537 323 ριςτηρίῳ.
601 271 891 320 γυμναςθῆναι
934 267 1046 308 θέλω
1086 267 1133 309 ἐν

328 344 390 394 τῷ
422 341 651 392 κηρώματι.
697 343 824 391 δεῦρο
858 339 1133 391 παλαίςωμεν

330 412 399 453 διὰ
431 411 593 464 χρόνου
627 415 697 466 μιᾷ
730 411 855 466 ῥοπῇ.
907 411 995 454 Οὐκ
1024 411 1134 466 οἶδα,

331 484 366 526 εἰ
411 485 611 537 δύναμαι·
656 485 706 525 τὸ
751 484 885 525 πάλαι
930 484 1012 535 γὰρ
1057 485 1130 526 πέ-

328 571 491 609 παυμαι
524 560 601 598 τοῦ
636 555 845 598 παλαίειν.
898 555 1014 607 ὅμως
1047 570 1133 598 πει-

330 630 463 683 ράζω,
534 629 569 671 εἰ
634 629 829 680 δύναμαι.
903 627 1135 681 Ἑλαφρῶς

329 701 586 753 κεκόπωμαι.
653 701 921 752 Εἰςέλθωμεν
962 701 1020 743 εἰς
1056 702 1134 743 τὸν

329 776 504 825 πρῶτον
561 773 681 816 οἶκον
741 774 996 825 προπνιγέα.
1060 774 1135 815 δὸς

328 849 388 900 τῷ
437 848 615 898 βαλανεῖ
653 847 802 898 κέρμα·
850 845 1044 898 ἀπόλαβε
1083 847 1133 888 τὸ

328 917 582 960 ὑπόλοιπον.
606 917 770 970 ἄλειψε.
790 917 987 969 Ἄλειψα.
1002 916 1133 960 Ἀλεί-

328 1004 475 1042 φομαι.
546 992 729 1043 Τρῑψον.
791 990 953 1042 Ἔρχου
1000 990 1033 1032 'c
1083 991 1133 1032 τὸ

327 1062 595 1115 ἱδρωτήριον.
646 1063 812 1118 Ἱδροῑςς
846 1064 981 1115 Ἱδρῶ·
1016 1065 1133 1105 ἐκλε-

330 1138 467 1187 λυμαι.
495 1136 736 1187 ἐςέλθωμεν
759 1137 816 1178 εἰς
837 1138 914 1188 τὴν
936 1137 1134 1189 ἐμβάτην.

329 1209 500 1260 κατάβα.
561 1209 762 1260 χρώμεθα
805 1214 855 1264 τῇ
899 1209 1134 1263 Ξηροπυρίᾳ

329 1281 396 1321 καὶ
429 1280 543 1322 οὕτω
578 1283 830 1333 καταβῶμεν
864 1281 922 1323 εἰς
955 1283 1033 1333 τὴν
1063 1281 1133 1332 ἐμ-

332 1351 473 1404 βάτην.
526 1352 707 1406 κατάβα,
747 1353 1039 1404 κατάντληςόν
1072 1367 1133 1405 με.

331 1423 474 1467 ἔξελθε
510 1424 675 1467 λοιπόν.
730 1425 831 1478 βάλε
867 1426 1047 1468 ςεαυτὸν
1075 1426 1134 1467 εἰς

329 1498 407 1548 τὴν
441 1499 740 1550 κολυμβήθραν
772 1497 1010 1549 ὑπαίθριον.
1063 1512 1132 1540 κο-

330 1569 556 1621 λύμβηςον.
583 1568 886 1622 Ἐκολύμβηςα.
911 1570 1132 1621 Πρόςελθε

329 1641 388 1682 εἰς
430 1642 508 1682 τὸν
555 1644 754 1693 λουτῆρα.
820 1642 993 1693 περίχεε
1034 1642 1131 1683 ἑαυ-

327 1713 415 1755 τόν.
463 1714 689 1765 Περιέχεα.
733 1713 963 1766 ἀνέλαβον,
985 1714 1132 1756 ἐπίδος

328 1786 518 1837 Ξύςτραν.
553 1785 896 1838 περικατάμαξόν
921 1801 982 1838 με.
1016 1786 1133 1838 περί-

328 1861 433 1900 Ζωςε
498 1857 671 1911 ςάβανα.
744 1859 989 1911 κατάμαξόν
1052 1873 1132 1910 μου

327 1930 462 1985 <τὴν>
501 1932 696 1983 κεφαλὴν
736 1932 804 1973 καὶ
842 1933 943 1974 τοὺς
983 1931 1131 1973 πόδας.

328 2003 402 2044 δὸς
418 2002 636 2055 ςανδάλια,
654 2003 874 2055 ὑπόδηςόν
889 2018 950 2056 με.
985 2004 1133 2046 ἐπίδος

328 2075 584 2127 ἑπικάρςιον,
621 2074 897 2128 ἀναβόλαιον,
931 2079 1132 2128 δαλματι-

330 2149 419 2199 κήν.
447 2147 646 2190 ςυνάΞετε
668 2148 721 2189 τὰ
741 2148 884 2200 ἱμάτια
903 2149 971 2190 καὶ
992 2148 1133 2190 πάντα

329 2219 381 2260 τὰ
431 2220 564 2271 ἡμῶν.
628 2219 906 2263 ἀκολουθεῖτε
952 2221 1011 2262 εἰς
1056 2221 1133 2262 τὸν

329 2290 450 2333 οἶκον
504 2292 572 2333 καὶ
623 2291 856 2344 ἀγοράςετε
902 2293 1001 2344 ἡμῖν
1047 2291 1133 2334 ἀπὸ

330 2366 407 2405 τοῦ
455 2364 684 2416 βαλανείου
728 2365 1029 2417 λεπτόςπερμα
1067 2365 1134 2406 καὶ

330 2437 512 2487 θέρμους
539 2436 666 2491 <καὶ>
695 2437 937 2489 ὀΞυκυάμια.
986 2439 1134 2479 Καλῶς

330 2508 505 2560 ἐλούςω,
539 2512 679 2551 καλῶς
714 2524 776 2552 cot
809 2509 933 2551 ἕςται.

274 2581 338 2620 11.
379 2580 495 2622 Δότε
549 2580 633 2623 ὧδε
686 2582 887 2635 θρόνους,
938 2582 1133 2635 δίφρους,

335 2651 510 2704 βάθρον,
548 2653 736 2705 δίεδρον,
771 2654 1132 2706 προςκεφάλαιον.

332 2725 524 2766 καθέζου.
591 2725 789 2778 Κάθημαι.
851 2727 900 2768 Τί
955 2729 1133 2779 ςτήκεις·

333 2797 499 2837 πλῦνον
542 2801 721 2850 ποτῆριν
758 2799 909 2852 <ὕδατι
949 2799 1132 2854 θερμῷ.>

333 2868 610 2918 ςυγκέραςον·
679 2870 793 2912 πάνυ
860 2871 942 2922 γὰρ
1006 2874 1134 2923 διψῶ.

330 2940 510 2990 κέραςον
531 2942 667 2982 πᾶςιν.
712 2942 773 2983 τίς
793 2942 831 2983 τί
854 2943 985 2997 θέλει;
1011 2944 1035 2995 ἢ
1058 2943 1132 2994 ἀρ-

291 3051 294 3053 .
330 3012 459 3053 τυτὸν
486 3011 570 3066 <ἢ>
596 3012 817 3069 κάροινον,
850 3014 955 3056 αὐτὸ
982 3015 1131 3069 ἐκείνῳ

331 3083 522 3133 κε’ραςον.
587 3085 633 3125 ςὺ
678 3085 716 3125 τί
761 3087 917 3140 θέλεις,
965 3089 1132 3128 πλῦνον

336 3156 559 3208 ποτήριον,
610 3156 790 3207 κε’ραςόν
843 3171 911 3208 μοι
962 3158 1131 3209 θερμόν,

847 155 1122 199 COLLOQVIA
1147 153 1467 191 MONACENSIA

1232 268 1332 320 post
1358 267 1530 320 tempus
1551 280 1637 307 uno
1658 268 1890 308 momento.
1938 265 2039 309 Non

1233 337 1340 392 scio,
1374 336 1410 379 si
1442 352 1637 394 possum,
1671 337 1776 380 olim
1807 337 1923 380 enim
1955 353 2040 381 ces-

1233 409 1325 451 saui
1370 410 1546 452 luctare.
1610 413 1757 453 tamen
1797 413 1964 466 tempto
2003 410 2040 453 si

1233 497 1419 537 possum.
1477 481 1653 525 Leuiter
1688 482 1900 539 fatigatus
1932 497 2040 525 sum.

1232 553 1504 596 Introeamus
1557 554 1603 596 in
1653 555 1806 596 cellam
1854 554 2040 610 primam

1667 627 1874 670 balnitori
1918 641 2040 669 num-

1911 714 2039 757 unge.

1232 771 1360 813 ani.
1403 771 1532 829 Vngo
1553 787 1633 814 me.
1678 772 1813 814 Frica.
1854 771 1966 815 Veni
1987 772 2041 815 ad

1234 844 1512 886 sudatorium.
1548 844 1714 887 Sudas?
1742 844 1876 901 Sud03
1901 845 2041 887 lassus

1417 916 1684 960 introeamus
1754 917 1807 959 ad
1870 917 2039 960 solium.

1233 989 1451 1031 descende.
1516 990 1702 1032 Vtamur
1753 1005 1847 1032 assa
1891 992 1936 1032 et
1981 990 2041 1032 sic

1234 1062 1541 1104 descendamus
1561 1063 1615 1104 ad
1630 1063 1797 1105 solium.
1820 1062 2041 1119 descende,

1232 1135 1426 1176 fomenta
1458 1150 1537 1176 me.

1232 626 1500 682 tepidariam.
1565 627 1617 668 da

1233 714 1346 754 mos,
1410 699 1553 755 accipe
1611 699 1837 755 reliquum.

1234 932 1340 958 SUm.

1591 1135 1659 1177 exi
1692 1135 1788 1177 iam.
1840 1135 1966 1177 mitte
1996 1138 2040 1178 te

1234 1207 1376 1263 ipsum
1416 1208 1468 1249 ad
1507 1207 1718 1263 piscinam
1757 1207 2039 1250 subdiualem.

1393 1279 1566 1322 Nataui.
1611 1280 1681 1322 Ad
1706 1280 1849 1323 lutum
1875 1280 2039 1322 accede.

1232 1353 1442 1408 perfunde
1475 1355 1529 1394 te.
1580 1353 1762 1408 perfudi.
1814 1352 2039 1409 resumpsi.

1741 1426 1918 1483 deterge
1959 1440 2040 1468 me.

1234 1497 1359 1553 cinge
1393 1497 1564 1539 sabana.
1614 1500 1736 1554 terge
1769 1497 1877 1539 mihi
1910 1501 2040 1554 caput

1233 1572 1276 1611 et
1307 1569 1449 1624 pedes.
1502 1569 1610 1623 (da)
1644 1570 1870 1627 caligulas,
1907 1569 2041 1612 calcia

1232 1657 1311 1683 me.
1375 1641 1549 1698 porrige
1595 1642 1817 1698 amiclum,
1866 1642 2040 1700 pallam,

1233 1283 1344 1321 nata.

1232 1424 1407 1481 porrige
1450 1425 1675 1481 strigilem.

1233 1714 1519 1756 dalmaticam.
1557 1714 1752 1771 colligite
1779 1714 2040 1757 uestimenta
2104 1752 2114 1760 ,

1233 1791 1274 1829 et
1314 1787 1459 1829 omnia
1499 1790 1658 1830 nostra.
1723 1787 1954 1843 sequimini
1987 1787 2041 1830 ad

1233 1860 1407 1902 domum
1442 1863 1484 1901 et
1517 1859 1646 1902 emite
1679 1860 1806 1902 nobis
1833 1876 1857 1902 a
1883 1859 2039 1903 balneo

1232 1932 1460 1974 minutalia
1499 1936 1541 1974 et
1576 1932 1751 1989 lupinos
1782 1933 1884 1989 (et)
1917 1932 2040 1975 fabas

1233 2007 1432 2047 acetatas.
1508 2005 1625 2047 Bene
1688 2005 1866 2061 lauasti,
1929 2005 2038 2047 bene

1233 2076 1314 2118 tibi
1349 2077 1416 2119 sit.

1175 2584 1240 2624 11.
1272 2581 1382 2623 Date.
1403 2582 1474 2624 hic
1494 2582 1732 2637 cathedras,
1751 2582 1890 2638 sellas,
1905 2597 2037 2625 scam—

1230 2669 1354 2709 num,
1387 2654 1618 2709 bisellium,
1654 2654 1874 2696 ceruicale.
1926 2655 2037 2697 sede.

1234 2725 1380 2768 Sedeo.
1442 2726 1554 2776 Quid
1586 2726 1704 2768 stas?
1736 2726 1835 2768 laua
1861 2726 2039 2769 calicem

1232 2814 1342 2854 aqua
1363 2798 1511 2840 calida.
1544 2801 1755 2854 tempera,
1775 2798 1901 2841 ualde
1921 2798 2038 2841 enim

1232 2870 1344 2912 sitio.
1391 2870 1523 2912 misce
1551 2869 1763 2912 omnibus.
1810 2870 1907 2926 quis
1933 2870 2038 2926 quid

1231 2942 1357 2984 uult?
1402 2945 1478 2983 aut
1522 2942 1745 2984 conditum
1783 2945 1859 2984 aut
1896 2957 2036 2985 caroe-

1230 3014 1381 3060 num?
1399 3014 1542 3070 ipsum
1571 3013 1637 3055 illi
1663 3014 1806 3056 misce.
1858 3016 1907 3056 tu
1933 3014 2037 3070 quid

1231 3085 1328 3127 uis‘?
1367 3086 1466 3128 laua
1505 3085 1693 3128 calicem.
1757 3085 1889 3128 misce
1927 3085 2035 3127 mihi

1232 3158 1437 3213 calidum,
1479 3157 1570 3199 noli
1616 3157 1858 3200 feruentem
1896 3172 2034 3213 neque
