2271 3475
290 192 348 234 94
842 188 1186 224 FRAGMENTVM
1213 187 1483 223 PARISINVM

286 302 503 344 ancistron
535 316 656 343 amus

285 374 392 416 amis
425 389 520 415 ama

285 461 477 503 gegaron
509 448 681 501 sartago

283 521 431 573 xystra
464 517 661 573 strigeles

249 602 265 627 5
285 603 437 632 XXVIII
469 588 758 644 perisidereon
791 587 994 629 deferreis

160 1026 259 1072 [ΙἯ]

285 662 448 703 sideros
481 661 642 702 ferrum

1181 314 1335 341 aemun
1366 298 1674 340 ferramentum

1181 372 1298 413 sfura
1330 371 1482 413 incude

1181 443 1438 499 myloeopon
1470 444 1650 485 malleus

1182 515 1307 557 scalis
1340 515 1547 557 marelum
2063 530 2095 555 10

1181 587 1359 643 ypetion
1391 588 1605 630 sarculum

695 797 1188 855 FRAGMENTVM
1237 796 1628 854 PARISINVM

755 910 876 969 (eod.
904 912 1083 954 Parisin.
1110 912 1181 953 lat.
1210 913 1325 954 6503
1353 926 1458 953 saec.
1485 911 1567 968 IX)

281 1021 349 1063 Ex
382 1036 430 1062 eo
464 1020 577 1061 enim
611 1035 656 1062 εκ
687 1034 843 1062 τουτου
875 1035 957 1073 γαρ

280 1093 476 1135 faeileme
510 1095 775 1144 ηικολωεημη

281 1166 395 1221 quod
428 1167 605 1206 conatus
637 1163 770 1205 fueris
803 1178 908 1206 οεαν
938 1167 1141 1217 επιβαληε

282 1238 335 1279 ad
366 1239 495 1279 finem
528 1236 703 1278 addueis
736 1252 804 1278 επι
837 1239 966 1288 τηλοε
999 1240 1099 1289 αΞηε

246 1321 261 1343 :3
281 1312 457 1364 propter
489 1309 602 1364 quod
636 1312 785 1360 διοπερ

229 1753 262 1776 10

228 2472 260 2495 2⁰

282 1381 325 1422 in
358 1381 474 1422 omni
508 1396 552 1422 re
587 1395 633 1422 εν
666 1395 793 1423 παντι
826 1394 1039 1432 πραγματι

281 1453 442 1494 studeri
477 1453 603 1493 debet
637 1455 893 1504 φιλοπονειν
926 1455 1069 1504 οφειλι

281 1525 334 1565 ab
367 1524 435 1566 his
468 1524 541 1580 qui
574 1524 727 1565 uolunt
760 1539 845 1566 απο
878 1539 966 1566 των
992 1527 1142 1576 Θηλον-

341 1611 430 1639 των

281 1668 378 1723 plus
410 1668 517 1709 seire
551 1671 686 1710 πλεον
720 1672 878 1711 ειδεναι

282 1740 395 1795 quod
428 1740 532 1781 utile
566 1743 630 1782 est
663 1755 687 1782 o
721 1754 903 1793 χρηετον
937 1754 1047 1782 εετιν

280 1813 491 1853 humanae
525 1812 640 1854 uitae
673 1818 930 1865 ανθρωπινω
967 1815 1046 1864 βιοι

280 1884 408 1925 huius
440 1885 640 1940 precipue
673 1899 828 1927 τουτου
861 1886 1037 1936 μαλιετα

282 1956 418 1997 oratio
452 1956 696 1998 dominator
728 1960 858 2007 λογο(
891 1969 1097 2008 κυριευεει

281 2028 392 2069 unde
426 2031 596 2083 oportet
629 2034 734 2080 οθην
768 2032 834 2080 bnt

245 2119 261 2135 ›
281 2102 417 2141 artem
448 2100 691 2141 litterarum
720 2114 880 2152 τηχνην
906 2113 1138 2152 γραμματω

281 2171 519 2226 perdiscere
554 2177 755 2223 εκμαθηιν

280 2243 380 2284 hine
414 2243 528 2284 enim
561 2243 704 2284 oimiia
735 2248 864 2295 ηνθεν
889 2257 971 2294 γαρ
998 2257 1139 2285 παντα

280 2314 593 2356 inluminantur
626 2329 908 2367 επιφανουειν

279 2402 365 2427 11011
399 2386 569 2428 indocte
603 2402 680 2429 ουκ
712 2392 885 2439 αμαθωε

281 2458 354 2513 qui
387 2458 494 2499 seire
527 2459 622 2500 uult
655 2474 678 2501 ο
712 2462 845 2511 Θηλον
879 2463 1035 2501 ειδεναι

280 2529 412 2570 latine
444 2530 562 2584 loqui
597 2545 796 2582 ρωμαιετι
829 2534 979 2582 λαληιν

282 2601 351 2642 uel
383 2616 534 2657 graece
567 2618 590 2654 η
626 2605 833 2655 ελληνιετι

282 2672 511 2727 diligenter
537 2673 740 2714 adtendat
766 2676 976 2726 ηπιμηλοε
999 2688 1137 2725 πρωί-

341 2758 473 2795 ηχητο

281 2814 361 2856 11116
394 2815 508 2856 enim
540 2831 668 2859 τουτο
701 2832 782 2869 γαρ

230 2899 262 2924 25
283 2887 465 2941 exempli
490 2887 630 2943 gratia
650 2892 966 2940 υποδηιγματο(
989 2902 1138 2941 χαριτα

282 2958 543 3012 adponemus
577 2965 872 3012 προεθηεομην

281 3044 388 3084 quae
422 3030 503 3071 erit
536 3045 624 3082 ητις
657 3045 769 3073 εεται

282 3101 348 3142 dei
383 3101 522 3157 gratia
555 3101 655 3144 θεου
689 3116 840 3154 χαριτα

282 3173 354 3228 qui
388 3173 459 3214 dat
493 3173 692 3216 omnibus
725 3188 775 3216 ου
809 3179 908 3216 δωει
942 3189 1066 3219 παειν

1183 1019 1420 1061 doctrinam
1453 1025 1628 1072 μαθηειν
2060 1034 2094 1059 30

1181 1107 1248 1133 ars
1282 1091 1396 1133 enim
1427 1106 1560 1143 τηχνη
1593 1106 1675 1144 γαρ

1179 1164 1438 1205 transfertur
1471 1169 1745 1216 μητατιθηται

1179 1236 1233 1276 ab
1266 1235 1439 1277 homine
1473 1251 1559 1278 απο
1593 1241 1813 1288 ανθρωποι
2061 1247 2164 1295 [lrb]

1181 1310 1222 1348 et
1254 1311 1482 1363 propterea
1514 1323 1580 1350 και
1613 1312 1683 1350 δια
1714 1323 1843 1351 τουτο

1180 1394 1248 1421 ars
1297 1395 1385 1421 non
1432 1380 1615 1422 moritur
1657 1395 1790 1433 τηχνη
1836 1395 1914 1423 ουκ
1958 1395 2038 1423 απ-
2059 1393 2094 1419 35

1241 1457 1406 1503 θνηεκει

1180 1523 1363 1578 denique
1396 1539 1538 1576 ηπιτοι

1180 1611 1261 1650 que
1295 1598 1385 1636 erat
1418 1596 1559 1651 gratia
1591 1611 1693 1639 ποια
1725 1612 1777 1650 ην
1811 1612 1931 1650 χαριε

1179 1668 1341 1709 discere
1375 1669 1527 1720 μάθηιν

1179 1740 1212 1780 si
1247 1740 1283 1781 is
1316 1739 1388 1795 qui
1422 1740 1593 1781 doceret
1626 1755 1661 1782 ει
1694 1755 1718 1783 0
1751 1745 1960 1785 διδαεκων

1179 1814 1290 1853 esset
1323 1812 1562 1864 inmortalis
1597 1827 1659 1864 ειη
1693 1819 1908 1856 αθανατοε
2057 1828 2092 1851 40

1177 1883 1256 1924 1166
1288 1883 1403 1925 enim
1435 1899 1526 1925 esse
1558 1899 1693 1926 ταυτα
1724 1900 1806 1938 γαρ
1838 1901 1950 1938 ηιναι

1178 1955 1373 1997 uolentes
1406 1955 1447 1996 di
1480 1959 1695 2009 ηθηληεαν
1728 1962 1822 2009 θηοι

1177 2027 1456 2068 admonentes
1489 2042 1878 2082 αναμιμνηεκοντηε

1178 2102 1276 2140 ante
1310 2099 1454 2140 omnia
1485 2114 1569 2151 προ
1602 2114 1780 2142 παντων

1178 2170 1304 2211 deum
1337 2170 1476 2212 colere
1510 2176 1616 2223 Θηον
1649 2176 1790 2225 (εβηιν
2054 2186 2089 2211 45

1176 2257 1264 2284 non
1295 2246 1390 2284 ture
1425 2259 1476 2295 μη
1511 2246 1695 2296 λεῑβανω

1178 2314 1251 2356 sed
1284 2315 1545 2356 conscientia
1577 2318 1687 2358 αλλα
1721 2320 1949 2369 (υνειδηεει

1176 2386 1273 2441 plus
1306 2390 1370 2428 est
1403 2386 1517 2428 enim
1549 2390 1685 2430 πλεον
1717 2402 1798 2440 γαρ
1825 2403 1940 2440 ηετῑν

1176 2458 1284 2499 bene
1317 2458 1464 2500 uiuere
1497 2462 1636 2501 καλωε
1669 2463 1744 2511 ζην

1176 2529 1254 2570 1166
1286 2530 1514 2571 facientem
1546 2545 1679 2572 ταυτα
1711 2545 1921 2574 ποιουντα
2055 2544 2088 2569 50

1176 2616 1284 2656 quae
1317 2601 1508 2643 dicturus
1541 2617 1635 2643 sum
1662 2616 1689 2644 α
1715 2605 1861 2655 μηλλω
1889 2607 2035 2656 ληγειν

1175 2673 1255 2714 1106
1288 2675 1352 2714 est
1384 2688 1604 2726 τουτηετιν

1175 2747 1374 2799 parentes
1408 2745 1585 2801 diligere
1618 2760 1761 2796 γονειε
1792 2761 1965 2798 αγαπαν

1176 2816 1276 2858 filiis
1304 2816 1525 2873 indulgere
1551 2832 1782 2870 τεκνουεην
1802 2821 2032 2871 γλυκηνηιη

1177 2888 1335 2929 amieos
1368 2903 1510 2930 amare
1543 2892 1697 2941 φιλουε
1729 2893 1872 2942 φιλειν
2054 2900 2088 2927 55

1177 2960 1376 3002 omnibus
1433 2974 1705 3002 eummunem
1761 2975 1852 3002 esse
1908 2975 2034 3004 παειν

1237 3046 1383 3074 κοινον
1417 3047 1500 3074 ιναι

1177 3105 1219 3144 et
1246 3102 1444 3145 similiter
1470 3103 1761 3146 demonstrare
1787 3118 1854 3146 και
1885 3106 2032 3147 απλωε

1236 3179 1508 3219 υποδικνυειν
