2245 3495
103 779 220 828 [139r]
249 773 667 814 ΕΡΜΗΝΙΞΥΜΑΤΑ
711 771 1106 814 ΙΝΤΕΗΡΗΕΤΑ-

306 842 514 885 ΜΕΝΤΑ

248 920 370 968 επιδη
405 930 493 968 opu)
527 915 731 971 quoniam
764 915 889 958 uideo

248 991 438 1031 πολλουε
470 987 631 1029 multos

248 1066 558 1112 επιθυμουνταε
592 1059 813 1114 cupientes

211 1144 227 1170 5
248 1135 456 1184 ελληνιετι
489 1146 640 1188 graece

248 1207 514 1254 διαλεγεεθαι
547 1203 766 1258 disputare

248 1291 312 1318 και
347 1289 571 1328 ρωμαειετι
604 1277 646 1316 et
678 1274 837 1317 latinae

248 1362 349 1400 μητε
384 1353 571 1399 Θυκερωε
603 1362 741 1402 neque
775 1347 899 1390 facile

247 1423 436 1462 διναεθαι
469 1434 595 1474 posse

194 1505 228 1531 10
249 1495 318 1534 δια
355 1505 432 1543 την
472 1480 681 1544 otene-:plait
719 1495 897 1547 propter
930 1492 1107 1534 difficul-

307 1566 441 1605 tatem

247 1650 314 1678 και
347 1638 646 1687 πολυπληθιαν
680 1638 722 1676 et
755 1636 1078 1678 multitudinem

247 1722 335 1750 των
368 1722 568 1760 ρηματων
601 1707 832 1749 uerborum

248 1795 325 1822 ουκ
358 1794 567 1832 εφιεαμην
599 1794 686 1821 11011
718 1780 888 1835 peperci

247 1866 376 1895 τουτο
410 1866 577 1904 ποιηεαι
610 1852 691 1893 hoc
723 1852 862 1893 facere

195 1936 227 1962 15
248 1938 340 1966 εινα
375 1938 420 1965 εν
453 1938 583 1975 τριειν
618 1926 790 1976 βιβλιοιε
823 1926 871 1965 ut
898 1924 941 1966 in
968 1924 1108 1966 tribus

308 1994 431 2037 libris

249 2082 622 2119 ερμηνευματικοι(
656 2067 1059 2123 interpretator-uel)

247 2153 388 2181 παντα
420 2154 472 2181 τα
505 2154 669 2191 ρηματα
703 2139 846 2181 omnia
878 2140 1010 2181 uerba

250 2226 555 2264 ευνγραψωμαῑ
589 2211 857 2253 conscribam

249 2298 428 2335 αρκομαι
463 2283 620 2339 incipio

197 2368 230 2393 20
249 2370 410 2407 γραφῑν
444 2355 630 2397 scribere

250 2442 337 2469 απο
371 2430 491 2479 αλφα
524 2427 578 2467 ab
611 2426 696 2468 alfa

250 2513 330 2540 εωε
352 2521 360 2530 ·
382 2513 416 2539 ω
439 2522 445 2528 -
467 2513 602 2553 usque
624 2523 631 2530 ·
655 2514 678 2541 0
700 2523 707 2530 ·

249 2575 386 2622 αγαθη
419 2585 520 2622 τυκη
555 2571 668 2612 bona
700 2572 874 2614 fortuna

249 2647 322 2684 θεο
356 2644 475 2694 ηλεοι
508 2642 566 2683 dii
599 2643 777 2698 propitii

194 2725 229 2751 25
249 2718 465 2765 καθηγητα
496 2729 616 2766 καιρη
628 2713 663 2772 2)
695 2714 965 2772 preceptos3)
998 2716 1108 2757 haue

250 2788 488 2837 επιδηθελω
522 2785 725 2840 quoniam
757 2787 856 2829 uolo

106 2862 229 2909 [13911]
251 2872 316 2899 και
357 2855 481 2913 ναν4)
521 2863 709 2909 επιθυμω
749 2861 791 2899 et
827 2858 950 2900 ualde
983 2859 1107 2914 cupio

250 2931 373 2971 λαλιν
406 2932 612 2982 ελληνιετι
645 2929 764 2985 loqui
797 2945 948 2986 graece

1145 787 1211 814 και
1246 772 1483 829 ρωμειετιῇ)
1517 775 1559 814 et
1591 774 1749 815 latinae

1146 860 1293 897 ερωτω
1317 869 1323 876 ·
1346 859 1388 887 (ε
1409 867 1418 876 ·
1441 860 1643 887 επιετατα
1686 861 1792 902 rogo
1839 848 1880 887 te
1919 861 2003 886 ma-
2025 859 2059 883 30

1205 916 1341 973 gister

1145 992 1318 1031 ὃιδαξον
1339 1012 1346 1020 ·
1369 1003 1417 1040 με
1452 989 1555 1030 doce
1588 1004 1655 1030 me

1147 1075 1221 1111 εγο
1243 1084 1252 1093 ·
1273 1075 1435 1113 ποιηεω
1457 1083 1465 1092 ·
1487 1075 1567 1116 ego
1600 1060 1754 1102 faciam

1147 1147 1222 1175 εαν
1245 1156 1251 1163 ·
1275 1147 1343 1185 μοι
1364 1155 1373 1164 ·
1395 1146 1579 1183 προεκη(
1600 1156 1607 1162 ·
1631 1132 1666 1173 si
1700 1148 1767 1174 me
1801 1133 2006 1174 adtendas

1146 1219 1339 1257 προεεκω
1361 1227 1369 1235 ·
1392 1218 1452 1246 coi
1475 1228 1482 1235 ·
1504 1204 1688 1246 adtendo

1146 1280 1357 1329 επιμελωε
1380 1301 1386 1307 -
1409 1275 1640 1332 diligenter
2027 1287 2060 1312 :³5

1146 1352 1268 1401 επιδη
1292 1373 1299 1379 ·
1321 1363 1398 1391 ουν
1421 1373 1427 1379 -
1450 1347 1653 1403 quoniam
1687 1363 1790 1404 ergo

1147 1436 1235 1473 ορω
1257 1444 1266 1453 ·
1288 1435 1351 1463 (αι
1374 1444 1382 1452 -
1404 1420 1529 1462 uideo
1562 1422 1605 1461 te

1145 1507 1302 1535 τουτου
1335 1508 1411 1535 του
1445 1507 1694 1544 πραγματοε
1726 1492 1855 1534 huius
1888 1493 1949 1537 rei

1146 1579 1222 1608 του
1244 1588 1253 1596 ·
1275 1579 1386 1607 εετιν
1407 1588 1414 1596 ·
1436 1564 1517 1606 hoc
1551 1566 1615 1605 est

1146 1652 1300 1689 ταυτηε
1322 1660 1330 1669 ·
1352 1651 1424 1688 τηε
1475 1639 1687 1678 διαλεκτοι
1740 1635 1831 1676 eius
1880 1635 2006 1678 inter·
2027 1649 2062 1673 1ο

1205 1708 1461 1765 pretationis

1146 1796 1219 1833 τη(
1240 1805 1247 1812 -
1270 1784 1505 1831 λεγομενηε
1527 1803 1535 1810 ·
1558 1794 1763 1831 ρωμεικη(
1803 1795 1911 1835 quae
1949 1780 2006 1822 di-

1206 1852 1317 1894 citur
1349 1851 1507 1893 latinae

1147 1930 1434 1976 επιθυμουντα
1469 1923 1710 1978 cupientem

1148 2000 1319 2039 επιδιξω
1353 2019 1361 2028 ·
1396 2010 1458 2037 (οι
1506 1985 1658 2037 τεκνόν
1704 1994 2006 2036 demonstrabo

1208 2067 1287 2109 tibi
1322 2067 1382 2108 fili

1147 2156 1212 2183 οτι
1245 2155 1323 2182 ουκ
1356 2154 1438 2182 een
1472 2138 1676 2194 quoniam
1708 2153 1795 2179 non
1829 2141 1893 2179 est

1147 2211 1270 2268 Touss)
1299 2226 1503 2254 τυκοντοε
1532 2216 1752 2263 ανθρωποι
1779 2210 2007 2252 cuiuslibet
2027 2224 2062 2248 45

1207 2283 1395 2326 hominis

1147 2359 1378 2409 καταλαβιν
1399 2378 1408 2387 ·
1431 2354 1747 2409 deprehendere

1148 2431 1260 2470 αλλα
1294 2431 1623 2478 ποιπεὸευμενοι
1657 2426 1730 2467 sed
1763 2426 1877 2467 docti

1147 2515 1242 2543 και·
1265 2513 1556 2552 ευφυεετατου
1590 2500 1632 2539 et
1666 2497 1879 2553 ingeniosi

1147 2587 1253 2615 ειναι
1274 2596 1281 2602 -
1305 2577 1479 2623 μαθηειν
1501 2594 1507 2601 -
1530 2585 1621 2611 esse
1656 2569 1894 2611 doctrinam

1146 2648 1214 2686 δια
1248 2668 1255 2674 -
1288 2658 1427 2685 τουτω
1463 2666 1470 2673 -
1502 2656 1649 2684 τοινυν
1699 2644 1875 2697 propter
1925 2642 2007 2683 hoc
2028 2654 2061 2678 50

1207 2715 1337 2757 etiam

1148 2801 1211 2829 (οι
1244 2790 1409 2839 μαλλον
1442 2785 1524 2826 tibi
1557 2784 1696 2841 magis

1147 2873 1206 2901 τω
1266 2855 1496 2913 μνειδοτιἾ)
1553 2860 1684 2909 μηδεν
1741 2857 1815 2912 qui
1868 2858 2006 2899 nescis

1206 2929 1315 2971 nihil

370 3061 406 3104 1)
437 3059 753 3105 interpretaturus
787 3072 877 3096 corr.
904 3072 950 3096 m.
975 3064 1000 3097 2
1037 3062 1049 3106 ΙΙ
1087 3062 1124 3105 2)
1144 3071 1214 3104 pro
1241 3071 1262 3102 η
1291 3059 1374 3094 add.
1402 3071 1447 3093 m.
1474 3062 1499 3094 2
1527 3071 1543 3093 ε
1575 3060 1587 3103 ΙΙ
1620 3061 1654 3102 3)
1680 3059 1879 3103 preceptor
1911 3069 2002 3093 corr.

249 3130 297 3155 m.
310 3123 335 3154 2
354 3121 367 3164 ΙΙ
386 3121 423 3164 4)
449 3122 529 3154 λιαν
556 3124 641 3154 ante
667 3131 756 3155 corr.
778 3120 789 3164 ΙΙ
810 3122 844 3164 5)
871 3131 1059 3164 ρωμειετει
1086 3131 1176 3154 corr.
1205 3130 1249 3153 m.
1271 3124 1296 3154 2
1315 3120 1328 3163 ss
1349 3121 1383 3162 6)
1410 3130 1477 3153 του
1499 3130 1544 3153 ea:
1564 3130 1622 3153 τοι
1642 3129 1731 3153 corr.
1752 3120 1764 3164 11
1785 3120 1819 3162 7)
1841 3119 2001 3160 μνειδοτι

251 3189 296 3213 m.
318 3183 356 3214 2.
384 3181 549 3222 μιιειδοτι
575 3191 620 3213 m.
649 3183 668 3213 1
689 3182 700 3223 ΙΙ
