2245 3495
291 199 377 241 274
777 195 1196 232 HERMENEVMATA
1222 195 1563 231 EINSIDLENSIA

291 311 492 362 ψιμύθιον
524 324 693 349 cerussa

290 381 507 433 κιννάβαρι
541 379 719 420 minium

290 455 425 503 φῦκος
458 452 597 509 fucus,
630 449 879 504 purpurissa

290 523 437 565 κόκκος
471 537 651 578 granum

288 599 340 647 γῆ
375 594 589 645 ἀργυρῖτις
621 595 737 633 creta
768 595 972 648 argentea

288 751 363 780 Lvl
397 738 493 789 περὶ
526 737 717 778 πλούτου
750 736 800 776 de
834 735 999 776 diuitiis

288 810 311 850 ὁ
344 812 532 850 πλοῦτος
565 807 741 849 diuitiae

287 881 487 922 πλούςιος
520 880 639 921 diues

285 953 508 1004 ὑπερέχων
540 951 731 1006 locuples

142 1028 259 1074 [236ῑῖ
285 1024 405 1065 οὐςία
438 1023 681 1064 substantia

232 1114 262 1136 11
286 1100 437 1149 κτῆςις,
469 1099 604 1147 κτῆμα
636 1093 848 1148 possessio

284 1167 534 1219 ὑπάρχοντα
568 1167 678 1207 bona

284 1240 477 1290 χρήματα
509 1237 712 1292 pecuniae

284 1312 417 1361 κέρμα
449 1325 519 1350 aes

230 1399 263 1423 15
284 1380 487 1432 ἀργύριον
518 1396 719 1421 nummus

283 1453 495 1503 πρόςοδος
530 1452 690 1493 reditus

283 1524 486 1577 δηνάριον
519 1523 717 1564 denarius

284 1597 417 1647 χωρία
450 1596 569 1636 fundi

282 1668 405 1719 ἀγροί
438 1667 529 1722 agri

229 1756 263 1780 κο
285 1743 407 1791 κῆποι
440 1738 554 1779 horti

282 1811 489 1863 οἰκήματα
521 1808 812 1850 habitationes

283 1885 467 1933 χελῶναι
500 1880 738 1922 testudines

281 1954 541 2005 ἐλεφάντινα
574 1953 761 1993 eburnea

282 2026 468 2077 ψηφῖδες
500 2040 694 2080 gemmae

228 2112 261 2137 ‘25
280 2097 333 2138 τά
365 2099 495 2149 χρυςᾶ
528 2111 655 2136 aurea

281 2168 333 2209 τὰ
366 2167 528 2219 ἀργυρᾶ
561 2168 764 2221 argentea

281 2240 333 2281 τὰ
365 2239 571 2290 ὀρίχαλκα
604 2236 844 2277 aurichalca

280 2311 333 2352 τὰ
364 2311 588 2361 ἠλέκτρινα
620 2308 767 2349 sucina

280 2383 304 2433 ἡ
339 2381 565 2433 πομφόλυξ
599 2380 716 2420 bulla

228 2454 304 2504 3οὴ
339 2453 558 2505 μανιάκης,
590 2452 614 2492 ὁ
648 2452 849 2503 ςτρεπτός
882 2454 1056 2506 torques

139 2534 262 2579 [236111
283 2527 438 2565 πλοῖον
471 2522 593 2563 nauis

281 2596 511 2637 πεκούλιον
543 2594 757 2648 peculium

281 2668 323 2708 αἱ
356 2666 504 2717 ἀγέλαι
537 2681 690 2721 greges

280 2739 333 2780 τὰ
365 2740 598 2793 θρέμματα,
632 2740 868 2790 βοςκήματα
900 2753 1053 2791 pecora

228 2823 261 2846 :35
281 2809 533 2860 ἀνδράποδα
566 2808 777 2864 mancipia

281 2880 532 2932 θεράπαιναι
563 2880 741 2922 ancillae

279 2952 574 3003 θεραπαινίδες

1182 308 1399 358 δανειςτής
1431 306 1647 346 fenerator

1182 378 1307 419 τόκος
1339 378 1463 418 fenus

1183 450 1444 501 κληρονομία
1476 449 1692 490 hereditas
2057 461 2093 485 40

1184 522 1411 572 ἐνδομενία
1444 521 1729 575 supellectilia

1184 595 1331 634 δοῦλοι
1365 592 1477 633 serui

1182 747 1279 776 LVII
1325 736 1420 787 περὶ
1465 735 1682 776 πολιτείας
1733 735 1783 775 de
1829 734 2037 776 cviuilitate

1242 806 1309 846 uel
1344 822 1387 846 re
1410 841 1416 847 .
1438 822 1495 861 pu
1517 841 1524 847 .

1180 879 1205 929 ἡ
1239 879 1433 920 πολιτεία
1467 877 1653 918 ciuilitas
1675 912 1681 918 .
1703 893 1852 932 respu.

1180 951 1307 999 γένος
1339 965 1476 1005 genus
2055 961 2090 986 45

1179 1023 1229 1062 τὸ
1263 1021 1387 1064 ἔθνος
1421 1036 1526 1077 gens

1178 1094 1203 1143 ἡ
1238 1095 1352 1145 φυλή
1385 1093 1525 1133 tribus

1177 1165 1202 1214 ἡ
1231 1165 1471 1216 πολυοχλία
1497 1164 1735 1218 celebritas,
1767 1163 2035 1218 populositas

1178 1236 1202 1286 ἡ
1243 1238 1599 1287 πολυοχλουμένη
1636 1235 1931 1291 celeberrima,
1963 1250 2034 1289 po-

1237 1307 1388 1361 pulosa

1176 1380 1201 1429 ἡ
1236 1379 1452 1431 ἀςτειότης
1486 1378 1708 1420 urbanitas
2054 1389 2089 1415 50

1178 1450 1201 1490 ὁ
1235 1450 1417 1504 ἀςτικός,
1449 1451 1614 1493 ἀςτεῑος
1648 1451 1836 1492 urbanus
2058 1454 2176 1500 [2361]

1178 1522 1201 1562 ὁ
1234 1522 1376 1576 ἀετός,
1410 1522 1434 1562 ὁ
1467 1523 1644 1573 πολίτης
1679 1522 1785 1563 ciuis

1177 1594 1201 1633 ὁ
1244 1594 1457 1635 πολιτικός
1497 1593 1655 1647 ciuilis,
1697 1594 1903 1648 urbanus,
1945 1609 2032 1634 mu-

1236 1664 1432 1718 nieipalis

1177 1736 1215 1776 οἱ
1249 1739 1420 1778 πολῖται
1453 1736 1653 1788 ῥωμαίων
1680 1736 1859 1790 quirites
1881 1736 2032 1777 Roma-

1234 1823 1388 1848 norum
1501 1809 1504 1818 '

1175 1879 1199 1918 ὁ
1233 1879 1420 1930 ῥωμαῑος
1452 1880 1519 1920 καὶ
1552 1879 1763 1931 ρωμαικός
1795 1894 1997 1920 romanus
2051 1897 2085 1922 55

1175 1953 1347 1992 λατῑνος
1380 1952 1447 1991 καὶ
1480 1951 1689 1992 λατινικός
1722 1951 1882 1992 latinus

1175 2023 1304 2073 ἕλλην
1337 2023 1403 2063 καὶ
1436 2022 1655 2074 ἑλληνικός
1688 2037 1866 2077 graecus

1175 2093 1400 2145 αὐτόχθων
1433 2093 1645 2149 indigena,
1678 2093 1870 2149 aboi-ige,
1903 2093 2030 2148 patri-

1234 2164 1324 2204 eius

1174 2236 1410 2290 πατρίκιος,
1443 2237 1619 2289 εὐγενής
1651 2236 1857 2291 patricius

1174 2307 1198 2347 ὁ
1231 2311 1374 2363 δῆμος,
1406 2309 1473 2367 καὶ
1506 2308 1609 2350 λαός
1642 2307 1838 2363 populus,
1871 2307 2029 2363 uulgus
2049 2325 2083 2350 sso

1233 2393 1359 2433 respu
1379 2413 1385 2420 .

1174 2451 1214 2491 οἱ
1246 2451 1401 2492 πολλοί
1434 2450 1609 2507 uulgus,
1641 2451 1763 2505 plebs

1174 2523 1397 2574 δημοτικός
1429 2522 1648 2577 popularis

1174 2597 1305 2646 δῆμος
1338 2595 1481 2646 μικρός
1507 2594 1630 2648 plebs

1175 2666 1198 2706 ὁ
1231 2666 1462 2718 δημόχαρις
1493 2665 1705 2720 plebicola

1173 2738 1356 2788 δημότης
1389 2735 1599 2791 uulgaris,
1631 2735 1825 2789 plebeius
2047 2753 2080 2778 65

1173 2808 1212 2849 οἱ
1244 2809 1421 2860 δημόται
1453 2807 1680 2862 populares

1173 2880 1429 2931 δημοκρατία
1449 2878 1675 2933 populare,
1707 2877 1933 2932 imperium
1956 2876 2026 2917 bo-

1230 2965 1384 2992 norum

398 3120 429 3151 5.
457 3117 671 3160 ἀργυρςττις
696 3117 770 3151 coel.
792 3117 803 3161 ΙΙ
823 3120 879 3151 22.
906 3118 1064 3159 χελωγαι
1090 3115 1166 3150 eod.
1186 3117 1198 3160 ΙΙ
1217 3119 1273 3150 23.
1301 3116 1500 3159 ἑλεφαντια
1525 3115 1601 3149 cod.
1622 3115 1634 3159 ΙΙ
1654 3117 1710 3149 28.
1736 3113 1895 3157 ἠλέκτρα
1924 3113 2026 3158 cosm}

280 3180 334 3211 38.
364 3176 553 3219 δαγειςτής
579 3176 654 3211 eod.
675 3177 686 3220 ΙΙ
706 3180 761 3210 41.
790 3177 970 3219 ἑνδομενα
995 3176 1071 3210 eod.
1092 3176 1103 3219 ΙΙ
1124 3179 1179 3209 43.
1206 3177 1344 3209 πολιτει
1370 3175 1445 3209 cod.
1467 3175 1478 3218 ΙΙ
1497 3177 1553 3208 49.
1580 3175 1841 3216 πολυοχλουμη
1869 3173 1944 3206 eod.
1965 3173 1978 3217 ΙΙ
