2271 3505
711 155 1029 200 COLLOQVIVM
1057 157 1560 195 MONTEPESSVLANVM
1937 162 2022 204 657

312 265 372 307 εἰ(
416 266 466 308 τὸ
513 267 654 317 μέεον.
718 267 806 317 ἐγὼ
852 266 975 310 οἶνον
1014 283 1118 321 προ-

311 339 447 390 φέρω.
481 339 672 380 πλύνατε
705 338 759 380 τὰ
791 341 989 392 ποτήρια.

310 495 398 524 (αν.
449 482 537 532 ἐγὼ
566 483 806 534 πορεύομαι
828 484 937 535 πρὸ(
957 483 1117 535 ἱματιο-

309 553 475 606 πώλην.
533 554 681 597 Πόεου
715 555 738 606 ἡ
774 557 900 610 Ζυγή;
937 555 1118 598 Ἑκατὸν

310 626 551 685 δηναρίων..
580 626 728 670 Πόεου
749 628 774 678 ἡ
797 628 985 682 φελόνη;
1011 629 1117 669 Δια-

309 698 464 741 κοείων
504 699 735 751 δηναρίων.
797 701 922 742 Πολὺ
966 701 1117 750 λέγεις.

308 770 412 823 λάβε
441 767 477 822 ρ’
506 771 698 823 δηνάρια.
745 771 808 814 Οὐ
843 773 1020 814 δύναται
1047 786 1116 814 το-

308 843 476 885 εούτου.
503 844 713 886 τοεούτου
729 846 985 896 καθέετηκεν
1001 845 1117 896 παρὰ

306 917 396 957 τῶν
448 920 790 968 προαγοραετῶν
842 914 981 973 (παρὰ
1028 919 1116 958 τῶν

307 988 602 1041 παραδρόμων
648 989 715 1030 καὶ
758 991 846 1030 τῶν
890 987 1114 1045 φαεκιῶν).

305 1060 354 1102 Τί
394 1060 540 1116 δώεω;
583 1060 637 1103 Ὃ
678 1060 730 1103 ἂν
770 1061 958 1115 κελεύῃς.
1023 1062 1115 1103 Δὸε

304 1132 422 1188 αὐτῷ
475 1130 618 1188 <ρ>κε’
676 1133 869 1185 δηνάρια.
941 1132 1115 1185 ἄγωμεν

303 1206 371 1246 καὶ
398 1206 506 1257 πρὸ(
534 1205 852 1258 ὀθονιοπώλην.
898 1208 1114 1258 (υμβαλοῡ

302 1276 495 1333 κάκείνῳ.
545 1279 638 1321 Δὸε
671 1279 771 1330 ἡμῖν
798 1278 1020 1330 ἑπικάρεια
1047 1279 1114 1320 καὶ

302 1351 483 1402 τὲεεαρα
542 1352 699 1394 λέντια.
763 1351 900 1393 πόεου
952 1349 1114 1398 πάντας

303 1422 565 1474 Τριακοείων
587 1423 814 1475 δηναρίων.
848 1422 986 1466 Πόεαι
1008 1423 1112 1465 εἰεὶν

302 1492 428 1550 ὥραις
460 1494 568 1547 Ἤδη
603 1495 728 1538 ὀκτώ.

222 1567 310 1609 ·14.
350 1566 600 1611 Ἀπελθάτω
646 1582 707 1610 τι(
753 1570 820 1610 καὶ
866 1567 1109 1619 ἀγγειλάτω

301 1640 449 1692 ἐπειδὴ
515 1640 695 1693 ἔρχομαι
757 1641 815 1683 εἰ(
876 1643 1109 1693 βαλανεῖον

300 1712 560 1762 Τιγιλλῑνον.
620 1712 848 1756 ἀκολούθει
882 1714 991 1765 ἡμῖν.
1045 1714 1108 1755 (οἱ

301 1785 427 1836 λέγω,
461 1785 768 1837 περικάθαρμα.
814 1787 930 1838 τήρει
964 1786 1106 1837 ἐπιμε-

300 1858 397 1899 λῶς.
465 1858 552 1908 ἐγὼ
612 1859 659 1900 δὲ
718 1858 801 1900 ἕως
859 1857 912 1899 ἂν
968 1857 1107 1900 τόπον

303 1929 519 1982 εὑρίεκητε
559 1931 636 1973 τὸν
676 1931 941 1982 μυροπώλην
974 1929 1106 1972 ἀεπά-

298 2015 430 2052 εομαι

241 2074 307 2117 15.
342 2073 509 2129 Ἰούλιε,
567 2078 706 2127 χαῖρε·
759 2075 998 2125 ἀεπάζομαί
1050 2089 1104 2117 (ε.

297 2146 372 2189 δός
418 2162 487 2198 μοι
535 2147 712 2199 λίβανον
759 2149 825 2189 καὶ
871 2148 1006 2199 μύρον
1054 2147 1104 2189 τὸ

297 2217 459 2271 ἀρκοῦν
493 2222 676 2272 (ἡμερον
710 2221 818 2272 πρὸ(
845 2219 1103 2272 ἀνθρώπους

295 2287 344 2341 κ’,
377 2289 472 2333 ἀλλ’
505 2292 552 2334 ἐκ
584 2295 661 2336 τοῦ
694 2296 840 2335 καλοῦ.

241 2362 306 2405 16.
339 2363 585 2406 Ὑπόλυεόν
606 2379 668 2417 με,
697 2365 937 2418 παιδάριον.
987 2367 1103 2408 δέξαι

295 2435 347 2477 τὰ
366 2435 524 2487 ἱμάτια.
552 2437 626 2479 δόε
643 2438 889 2488 μοιὲλαιον.
918 2437 1102 2489 ἄλειψον

294 2521 357 2558 με.
391 2507 648 2561 ἀπέλθωμεν
669 2509 809 2553 ἔνδον.
843 2510 952 2562 Ἤδη
973 2511 1101 2562 ἵδρω-

294 2593 385 2635 cuc3
411 2581 601 2633 Ἵδρωεα.
635 2580 710 2623 δόε
731 2596 800 2633 μοι
822 2581 1100 2635 ἀφρόνιτρον.

293 2655 454 2705 τρῖψον
488 2667 551 2705 με.
608 2656 749 2696 καλῶς
789 2654 1038 2707 ἐγκέκραται
1074 2656 1098 2706 ἡ

294 2724 467 2778 ἐμβάτη.
530 2726 772 2778 ἐξέλθωμεν
811 2725 893 2770 ἔξω
932 2728 1000 2769 καὶ
1041 2728 1099 2769 εἰ(

292 2798 370 2849 τὴν
427 2799 675 2855 δεξαμενήν.
740 2800 875 2850 νηρὰν
918 2798 1099 2860 ,εἴχομεν

293 2871 440 2921 καλήν.
486 2869 562 2912 δός
595 2883 664 2922 μοι
696 2870 887 2922 ξύετρον.
933 2872 1098 2923 περίξυ·

292 2941 367 2983 εόν
406 2956 468 2993 με.
521 2942 596 2984 boc
629 2941 802 2995 εάβανα.
854 2943 1098 2995 κατάμαξόν

292 3027 355 3065 με.
399 3013 658 3066 ὑποδηεάτω
689 3015 738 3066 με’
765 3028 838 3057 τις.
883 3016 936 3057 τὰ
963 3016 1097 3067 λωρία

292 3085 380 3128 δόε.
442 3086 692 3138 ἐνδύεωμαι.
756 3086 936 3130 ἕνδυεον
995 3090 1096 3130 τοὺς

292 3158 543 3200 ἑπενδύταε.
585 3159 660 3200 δόε
688 3173 756 3210 μοι
784 3159 960 3202 ὀθόνιον
987 3161 1095 3212 πρὸ(

303 3234 393 3266 Corp.
415 3236 507 3268 gloss.
528 3236 580 3261 lat.
601 3238 673 3261 tom.
694 3236 751 3261 111.

254 410 319 452 13.
347 410 411 451 Τὰ
431 409 604 462 ὀψώνια
624 410 877 462 ἠνέχθηεαν.
903 411 1118 463 Ἑψέεθω-
1162 415 1226 456 13.
1262 413 1453 456 Obsonia
1487 414 1630 456 adlata
1663 418 1774 462 sunt.
1834 415 2026 472 Coquan-

1218 488 1299 527 tur.
1346 500 1427 542 ego
1455 486 1564 528 duco
1591 501 1659 528 me
1687 487 1740 528 ad
1761 488 2025 531 uestiarium.

1218 556 1376 607 Quanti
1421 558 1672 614 pareclum‘?
1728 560 1913 602 Centum
1959 561 2025 602 de-

1217 629 1361 671 nariis.
1396 630 1554 680 Quanti
1575 631 1790 687 paenula?
1813 631 2025 674 Ducentis

1218 701 1415 744 denariis.
1474 703 1665 745 Multum
1706 703 1822 746 dicis.
1880 705 2024 761 accipe

1217 777 1390 816 centum
1450 775 1658 818 denarios.
1727 776 1829 819 Non
1878 779 2024 832 potest

1217 846 1340 888 tanti.
1404 847 1516 889 tanti
1572 851 1742 890 constat
1793 849 1844 891 de
1895 848 2022 892 infer-

1215 918 1383 961 toribus
1401 918 1472 976 (de
1492 920 1760 975 paradmmis
1782 923 1824 962 et
1844 920 2021 978 fasciis).

1216 991 1327 1040 Quid
1367 991 1507 1033 dabo?
1553 991 1676 1042 Quod
1709 992 1895 1035 iusseris.
1930 993 2021 1035 >Da

1215 1062 1279 1104 illi
1311 1064 1497 1117 <C>xxv
1531 1064 1740 1106 denarios.
1798 1080 1944 1107 eamus
1978 1068 2021 1107 et

1214 1135 1266 1176 ad
1292 1134 1554 1178 lintearium.
1601 1136 1748 1179 confer
1769 1140 1812 1179 et
1832 1137 1907 1179 illi.
1952 1137 2020 1180 Da

1214 1207 1340 1249 nobis
1368 1207 1552 1250 amicula
1579 1211 1621 1250 et
1648 1213 1854 1264 quattuor
1873 1209 2018 1252 lintea.

1214 1279 1363 1334 quanti
1387 1279 1561 1321 omnia?
1582 1280 1804 1323 Trecentis
1822 1281 2018 1324 denariis.

1215 1351 1329 1401 Quot
1363 1355 1464 1393 sunt
1496 1351 1658 1394 horae?
1708 1353 1799 1395 lam
1834 1356 1941 1395 octo.

1154 1569 1217 1609 14.
1251 1567 1337 1609 Eat
1364 1568 1521 1623 aliquis
1548 1572 1590 1610 et
1615 1569 1789 1611 nuntiet
1813 1570 2015 1625 quoniam

1209 1639 1337 1682 uenio
1385 1640 1426 1681 in
1478 1640 1696 1683 balineum
1747 1642 2014 1698 Tigillinum.

1209 1726 1389 1767 sequere
1428 1728 1519 1755 nos.
1584 1713 1665 1755 tibi
1705 1714 1816 1769 dico,
1860 1730 2015 1772 purga—

1208 1788 1414 1827 mentum.
1474 1800 1598 1827 serua
1631 1785 1874 1841 diligenter.
1933 1803 2013 1844 ego

1207 1860 1352 1898 autem
1379 1858 1620 1913 usquedum
1643 1858 1788 1901 locum
1808 1859 2015 1902 inuenitis

1204 1929 1546 1986 unguentarium
1578 1929 1789 1973 salutabo.

1147 2076 1212 2117 15.
1247 2074 1343 2130 Iuli,
1376 2074 1504 2116 haue:
1538 2074 1680 2118 saluto
1713 2079 1766 2117 te.
1819 2076 1872 2118 da
1903 2076 2010 2119 mihi

1204 2151 1274 2189 tus
1313 2150 1356 2189 et
1395 2150 1667 2204 unguentum
1703 2148 1817 2203 quod
1850 2148 2011 2190 sufficit

1202 2219 1330 2261 hodie
1377 2220 1429 2261 ad
1473 2219 1671 2262 homines
1713 2220 1891 2277 uiginti,
1935 2221 2010 2263 sed

1204 2293 1254 2335 de
1288 2293 1414 2335 bono.

1146 2366 1211 2407 16.
1263 2365 1467 2407 Excalcia
1530 2380 1616 2419 me,
1678 2380 1795 2420 puer.
1864 2367 2007 2423 accipe

1204 2437 1474 2480 uestimenta.
1508 2437 1561 2479 da
1582 2436 1689 2479 mihi
1711 2437 1864 2480 oleum.
1892 2454 2006 2496 unge

1201 2525 1279 2552 me.
1334 2524 1481 2552 eamus
1515 2509 1641 2551 intro.
1692 2509 1783 2551 Iam
1811 2510 2005 2553 sudasti?

1202 2582 1372 2625 Sudaui.
1445 2582 1497 2623 da
1565 2581 1672 2624 mihi
1735 2582 2004 2626 afronitrum.

1200 2654 1307 2697 frica
1339 2669 1418 2696 me.
1477 2654 1585 2696 bene
1618 2657 1907 2709 temperatum
1940 2659 2005 2698 est

1199 2727 1367 2769 solium.
1432 2741 1634 2769 exeamus
1691 2727 1806 2769 foras
1863 2730 1906 2770 et
1959 2728 2003 2770 in

1198 2799 1418 2855 piscinam.
1495 2799 1700 2856 frigidam
1772 2799 2003 2842 habuimus

1200 2872 1367 2913 bonam.
1426 2871 1479 2912 da
1511 2871 1618 2912 mihi
1651 2871 1876 2928 strigilem.
1935 2872 2002 2914 de-

1198 2943 1364 3000 stringe
1390 2958 1470 2985 me.
1523 2944 1576 2985 da
1603 2944 1773 2986 sabana.
1824 2946 1999 3001 exterge

1197 3031 1275 3058 me.
1323 3015 1474 3058 calciet
1507 3030 1576 3058 me
1608 3015 1775 3072 aliquis.
1820 3015 2000 3072 gallicas

1196 3088 1259 3129 da.
1287 3088 1472 3130 uestiam
1492 3103 1572 3130 me.
1600 3088 1727 3130 indue
1746 3089 1998 3144 superarias.

1195 3160 1248 3202 da
1280 3160 1387 3202 mihi
1420 3160 1603 3203 linteum
1631 3161 1683 3202 ad
1709 3160 1874 3202 faciem.
1928 3159 1998 3203 Sa—

1663 3235 1707 3265 42
