2271 3505
299 149 383 190 642

298 476 363 518 18.
403 477 625 528 Λοιδορεῖς
683 491 749 528 με,

360 262 521 311 βοῡμαι.
561 259 723 312 μεγάλη
746 274 819 302 ςου
840 260 864 311 ἡ
888 259 993 303 ἀξία.
1031 261 1159 303 δύνα-

356 331 427 382 μαί
460 345 503 374 ςε
544 331 661 383 κάγὼ
697 335 850 387 οεῖραι,
890 331 1000 374 ἀλλὰ
1035 333 1160 374 εὐλα-

358 404 510 461 βοῦμαί
537 419 581 446 ςε
609 405 676 446 καὶ
697 406 774 456 τὴν
796 404 915 447 Θείαν
937 404 1160 456 πρόνοιαν.

356 549 651 601 ςταυρωθείης.
718 550 863 590 Κακῶς
911 552 1048 591 ποιεῖς
1094 551 1161 590 καὶ

355 621 433 663 οὐκ
471 621 591 663 οἶδας
631 620 697 662 ὅτι
737 621 789 662 οὐ
835 623 1040 673 ςυμφέρει
1087 635 1160 663 ςοι.

355 694 441 735 Διὰ
467 694 522 748 τί;
555 694 650 736 Ὅτι
677 694 764 744 ἐγὼ
794 693 972 745 εὐγενὴς
997 693 1159 745 ἄνθρω-

355 766 436 807 πός
464 766 555 817 εἰμι,
584 767 631 807 ςὺ
659 767 705 807 δὲ
734 765 908 818 ἀχρεῖος
930 766 1160 820 <δοῦλος >

355 839 487 890 Σιγὴν
539 837 622 889 ἔχε.
683 839 831 881 Θέλεις
874 838 953 880 οὗν
997 842 1159 890 μαθεῖν.

354 910 432 952 οὔκ
465 910 544 962 εἰμί
579 925 641 952 ςοι
673 910 774 953 ἰ’ςος.
834 910 932 962 Οὔκ,
967 911 1160 965 ἐπιθέτα;

354 984 478 1025 Θέλω
542 987 693 1034 μαθεῖν
754 983 943 1034 πότερον
1002 985 1159 1024 δοῦλος

355 1054 463 1097 εἶναι
499 1057 523 1107 ἢ
558 1055 860 1107 ἀπελεύθερος.
915 1055 976 1097 Οὐ
1010 1055 1160 1106 δίδωμί

355 1142 416 1170 ςοι
444 1127 658 1179 λογιςμόν.
706 1128 792 1169 Διὰ
818 1127 874 1182 τί,
906 1127 1002 1170 (Ότι
1025 1127 1102 1169 οὐκ
1124 1126 1162 1169 εἷ

354 1198 480 1242 ἄξιος.
532 1199 731 1252 Ἄγωμεν
765 1201 872 1251 πρὸς
906 1201 983 1241 τὸν
1014 1199 1160 1251 κύριόν

357 1287 441 1314 ςου.
505 1273 661 1325 Τυχόν.
713 1272 825 1323 Ἐγὼ
867 1273 947 1323 γὰρ
982 1272 1160 1324 εὐγενὴς

355 1348 480 1388 πᾶςιν
506 1346 721 1397 γνώριμος
749 1346 816 1387 καὶ
843 1344 1158 1395 οἰκοδεςπότης.

355 1418 556 1460 Φαίνεται
608 1417 695 1459 ἀπὸ
746 1421 820 1469 τῆς
873 1415 1020 1468 ὄψεως
1073 1430 1157 1458 ςου.

356 1489 630 1542 Ἀπέλθωμεν
663 1491 793 1541 ἡμεῖς.

298 1563 362 1605 19.
415 1562 516 1604 ἸΞὰν
556 1562 657 1616 ἔλθῃ
706 1562 934 1614 Αὐρήλιος,
978 1563 1029 1613 μὴ
1070 1561 1158 1602 ἐπι-

355 1634 461 1690 λάθῃ
508 1635 644 1676 εἰπεῖν
685 1633 819 1688 αὐτῷ,
865 1633 931 1674 ὅτι
974 1634 1158 1675 ἐνταῦθα

352 1709 475 1760 ἤμην.
527 1708 705 1758 ἐκδέχου
740 1721 799 1758 με.

294 1781 362 1823 20.
398 1781 597 1832 Εὐχερώς
624 1780 768 1832 ἦλθας.
802 1779 983 1831 ἐζήτουν
1011 1792 1067 1833 ςε,
1095 1777 1160 1819 ὅτι
1199 1778 1267 1819 20.
1315 1777 1538 1833 Oportune
1579 1777 1748 1820 uenisti.

353 1852 528 1903 ἐγένετό
562 1867 631 1904 μοι
664 1851 807 1893 κακόν.

840 149 1160 193 COLLOQVIVM
1176 149 1518 186 *HARLEIANVM

1259 264 1334 302 tua
1392 261 1593 318 dignitas.
1658 277 1836 317 possum
1890 266 1934 304 te
1985 278 2067 321 ego

1261 332 1453 388 caedere,
1496 334 1570 375 sed
1609 349 1763 376 uereor
1802 338 1845 375 te
1885 337 1929 376 et
1961 335 2067 377 diui-

1260 420 1361 446 nam
1393 405 1725 460 prouidentiam.

814 478 917 528 κακὴ
976 478 1161 531 κεφαλή,
1204 477 1268 518 18.
1303 476 1527 520 Maledicis
1571 495 1658 533 me,
1702 478 1866 520 malum
1910 479 2069 535 caput?

1261 549 1537 606 crucifigaris.
1586 551 1699 592 Male
1727 551 1833 593 facis
1860 554 1903 593 et
1928 551 2069 594 nescis

1261 622 1375 676 quod
1406 637 1495 664 non
1528 623 1701 678 expedit
1734 623 1828 665 tibi.
1873 623 1965 674 Qua
1990 623 2068 665 re‘?

1260 694 1473 744 Quoniam
1525 710 1606 751 ego
1665 695 1880 752 ingenuus
1936 695 2066 737 homo

1261 781 1373 821 sum,
1414 770 1461 808 tu
1498 771 1643 809 autem
1676 782 1862 823 nequam
1906 782 2067 810 seruus.

1261 838 1492 881 Silentium
1514 840 1636 882 habe.
1670 840 1749 881 Vis
1771 855 1874 897 ergo
1891 840 2064 882 discere.

1835 912 1954 967 Non,
2005 912 2066 954 in-

1691 984 1855 1026 discere
1920 987 2067 1027 utrum

1964 1057 2069 1100 Non

1262 1126 1314 1168 do
1349 1127 1428 1168 tibi
1463 1129 1687 1171 rationem.
1729 1129 1822 1180 Qua
1848 1129 1924 1171 re‘?
1958 1128 2068 1180 Quo-

1260 1199 1377 1241 niam
1410 1216 1497 1242 non
1531 1217 1574 1243 es
1603 1201 1770 1258 dignus.
1823 1202 1990 1244 Eamus
2015 1201 2069 1243 ad

1706 1274 1916 1316 Fortasse.
1968 1274 2067 1331 Ego

1261 1344 1375 1386 enim
1422 1345 1636 1402 ingenuus
1688 1346 1890 1388 omnibus
1937 1349 2069 1388 notus

1795 1417 1991 1474 Apparet
2045 1433 2069 1459 a

1545 1490 1710 1532 Eamus
1741 1505 1830 1532 nos.

1258 926 1345 953 non
1398 927 1493 953 sum
1545 912 1625 953 tibi
1677 928 1766 967 par.

1259 985 1441 1038 postor?
1521 984 1620 1026 uolo

1261 1069 1412 1097 seruus
1457 1071 1548 1098 esse
1592 1060 1665 1098 aut
1707 1057 1902 1099 libertus.

1260 1271 1483 1314 dominum
1510 1278 1645 1315 tuum.

1260 1420 1302 1457 et
1359 1420 1483 1472 pater
1534 1418 1731 1460 familias.

1259 1488 1367 1530 facie
1401 1493 1486 1531 tua.

1203 1561 1266 1602 19.
1314 1560 1358 1602 Si
1399 1562 1567 1604 uenerit
1606 1562 1829 1617 Aurelius,
1867 1577 1920 1604 ne
1960 1562 2067 1605 obli-

1259 1632 1437 1675 uiscaris
1459 1634 1598 1676 dicere
1620 1634 1696 1689 illi7
1723 1633 1824 1689 quia
1846 1634 1917 1676 hic
1938 1649 2065 1676 eram.

1259 1709 1437 1761 expecta
1470 1722 1547 1748 me.

1807 1779 2067 1834 quaerebam

1260 1854 1315 1904 te,
1343 1851 1457 1906 quod
1481 1852 1644 1892 factum
1672 1854 1737 1892 est
1757 1850 1865 1892 mihi
1892 1851 2065 1894 malum.

293 1926 360 1968 21.
402 1924 687 1975 Ἀπέλθωμεν,
715 1923 977 1974 λουςώμεθα.
1016 1922 1160 1964 “Onon
1200 1924 1268 1964 21.
1302 1923 1521 1964 Exeamus
1550 1923 1698 1965 lauari.
1750 1923 1837 1964 Vbi
1874 1938 1976 1981 ergo
2009 1923 2066 1965 la-

353 1997 432 2040 οὗν
465 1997 699 2051 λουόμεθα,
731 1996 874 2037 Ὅπου
906 1995 1053 2037 θέλεις.
1101 1995 1160 2035 ὡς

353 2070 480 2122 ἑορτή
508 2070 630 2120 ἐςτιν,
665 2067 824 2120 ἔλαβον
851 2067 951 2119 ἡμῖν
979 2066 1158 2118 λάχανα,

351 2141 528 2194 τάριχον
550 2142 684 2183 καλὸν
706 2141 773 2182 καὶ
794 2140 952 2191 ἰχθύας,
975 2139 1158 2191 ὀψώνια,

554 2212 677 2255 οἶνον
728 2213 835 2263 ἡδὺν
887 2212 954 2253 καὶ
1006 2210 1157 2262 ὄρνεις.

352 2289 493 2329 καλῶς
527 2285 706 2337 ἔχωμεν.
775 2284 861 2334 ἐγώ
896 2283 976 2335 εἰμι
1010 2284 1077 2325 καὶ
1111 2285 1157 2325 ςὺ

353 2359 419 2400 καὶ
454 2357 577 2399 ἄλλοι
605 2358 682 2399 δύο
712 2357 842 2408 φίλοι.
901 2356 1044 2398 Ὅπου
1079 2355 1158 2397 οὖν

354 2430 662 2484 εὐφραίνομεν;
695 2429 837 2471 Ὅπου
866 2429 1031 2479 θέλετε,
1059 2430 1156 2469 κολ-

354 2505 503 2555 λήγιον
555 2503 754 2552 γενέςθω.
819 2499 931 2541 ἀλλὰ
976 2501 1157 2551 θέλομεν

355 2574 660 2616 ἁπλουςτάτως
701 2573 789 2625 μεθ’
827 2574 948 2624 ἡμῶν
991 2571 1155 2624 ἀνθρώ-

355 2661 462 2688 πους
526 2646 739 2697 ἀναψῦξαι
803 2644 929 2702 (μετὰ
989 2645 1157 2686 τούτων

355 2715 648 2774 ςπαταλῆςαι).
706 2717 730 2759 ὁ
764 2719 811 2758 δὲ
845 2716 1039 2769 ἀδελφός
1075 2731 1155 2768 μου

356 2792 638 2845 παρῃτήςατο.
703 2791 825 2841 ἐχθὲς
870 2790 950 2841 γὰρ
1004 2789 1062 2831 εἰς
1106 2790 1155 2831 τὸ

358 2865 588 2914 βαλανεῖον
621 2862 773 2914 ἀηδίαν
803 2861 1002 2913 ἐποίηςεν
1030 2860 1155 2921 ἀναγ-

355 2935 519 2977 καςθεὶς
573 2933 657 2976 ὑπὸ
710 2933 882 2985 ἀνδρῶν
940 2936 1157 2985 μεθυςτῶν

355 3008 422 3048 καὶ
455 3008 711 3048 δυςωπεῖται
745 3008 986 3057 προελθεῖν.

352 2216 496 2266 κρέας,

295 3079 363 3120 22.
397 3078 498 3120 Ἐὰν
531 3077 672 3119 πάντα
711 3080 868 3130 καλῶς,
901 3079 978 3130 τὴν
1011 3077 1156 3129 τρίτην

355 3151 516 3202 ἡμέραν
560 3149 730 3191 ἱππικός
774 3151 901 3202 ἐςτιν,
947 3150 1014 3191 καὶ
1053 3150 1158 3201 μετὰ

1260 1995 1443 2036 uamur'?
1474 1995 1560 2036 Vbi
1589 1995 1665 2037 uis.
1701 2010 1798 2037 cum
1819 1995 1909 2037 dies
1929 1995 2067 2037 festus

1260 2074 1336 2122 est,
1370 2071 1626 2123 acceperunt
1664 2067 1792 2109 nobis
1823 2067 1952 2123 olera,
1972 2067 2065 2110 ⁴sal-

1259 2155 1354 2181 sum
1389 2140 1550 2182 bonum
1584 2143 1626 2181 et
1656 2140 1806 2195 pisceS‚
1840 2139 2066 2195 stipendia,

1259 2227 1442 2267 carnem,
1471 2212 1621 2253 uinum
1649 2226 1780 2252 suaue
1805 2214 1848 2252 et
1869 2211 2065 2268 gallinas.

1258 2284 1366 2325 bene
1399 2284 1646 2325 habeamus.
1706 2298 1786 2339 ego
1821 2298 1916 2325 sum
1949 2286 1991 2325 eb
2017 2286 2065 2325 'cu

1258 2359 1300 2397 et
1357 2356 1430 2398 alii
1476 2355 1559 2397 duo
1612 2355 1749 2396 amici.
1819 2355 1906 2397 Vbi
1961 2370 2064 2413 ergo

1256 2428 1487 2483 potamus?
1520 2427 1607 2469 Vbi
1639 2427 1792 2482 uultis,
1831 2427 2064 2484 collegium

1256 2500 1343 2541 fiat..
1404 2500 1477 2541 sed
1510 2500 1712 2541 uolumus
1746 2499 2064 2555 simplicissime

1256 2572 1484 2614 nobiscum
1504 2572 1702 2614 homines
1720 2571 1930 2614 delectare
1946 2571 2064 2629 (cum

1256 2644 1418 2686 talibus
1449 2642 1725 2700 conuersari).
1758 2644 1893 2686 frater
1919 2646 2065 2686 autem

1256 2731 1376 2758 meus
1423 2716 1655 2758 excusauit.
1719 2715 1813 2757 heri
1859 2715 1974 2758 enim
2018 2715 2060 2758 in

1256 2788 1459 2830 balneum
1497 2789 1635 2830 rixam
1667 2787 1770 2829 fecit
1803 2790 1976 2829 coactus
2009 2787 2063 2828 ab

1255 2860 1505 2902 hominibus
1540 2859 1671 2902 ebriis
1708 2863 1750 2902 et
1783 2859 2063 2902 confimdjtur

1255 2933 1497 2988 procedere,

1195 3078 1263 3119 22.
1298 3076 1343 3118 Si
1378 3077 1522 3119 omnia
1560 3077 1688 3133 bene,
1727 3077 1907 3119 tertium
1946 3075 2058 3118 diem

1256 3149 1393 3191 circus
1439 3153 1522 3203 est,
1567 3153 1610 3191 et
1654 3152 1805 3205 postea
1843 3149 1932 3192 ludi
1971 3148 2059 3204 gla-
