<?xml version="1.0" encoding="UTF-8"?>
<!DOCTYPE html PUBLIC "-//W3C//DTD XHTML 1.0 Transitional//EN"
    "http://www.w3.org/TR/xhtml1/DTD/xhtml1-transitional.dtd">
<html xmlns="http://www.w3.org/1999/xhtml" xml:lang="en" lang="en">
 <head>
  <title>
</title>
<meta http-equiv="Content-Type" content="text/html;charset=utf-8" />
  <meta name='ocr-system' content='tesseract 3.04.00' />
  <meta name='ocr-capabilities' content='ocr_page ocr_carea ocr_par ocr_line ocrx_word'/>
</head>
<body>
  <div class='ocr_page' id='page_1' title='image "./corpusglossarior03linduoft_0681.png"; bbox 0 0 2271 3505; ppageno 0'>
   <div class='ocr_carea' id='block_1_1' title="bbox 208 2436 246 2478">
    <p class='ocr_par' dir='ltr' id='par_1_1' title="bbox 208 2436 246 2478">
     <span class='ocr_line' id='line_1_1' title="bbox 208 2436 246 2478; textangle 90"><span class='ocrx_word' id='word_1_1' title='bbox 208 2436 246 2478; x_wconf 52' lang='lat'>§7¹</span> 
     </span>
    </p>
   </div>
   <div class='ocr_carea' id='block_1_2' title="bbox 234 1496 600 1549">
    <p class='ocr_par' dir='ltr' id='par_1_2' title="bbox 234 1496 600 1549">
     <span class='ocr_line' id='line_1_2' title="bbox 234 1496 600 1549; baseline 0 -11"><span class='ocrx_word' id='word_1_2' title='bbox 234 1531 242 1538; x_wconf 93' lang='lat'>.</span> <span class='ocrx_word' id='word_1_3' title='bbox 275 1496 454 1540; x_wconf 87' lang='grc' dir='ltr'>Ἀνάςτα</span> <span class='ocrx_word' id='word_1_4' title='bbox 463 1531 472 1549; x_wconf 93' lang='grc'>,</span> <span class='ocrx_word' id='word_1_5' title='bbox 512 1500 600 1539; x_wconf 92' lang='grc' dir='ltr'>παῖ.</span> 
     </span>
    </p>
   </div>
   <div class='ocr_carea' id='block_1_3' title="bbox 740 151 1415 205">
    <p class='ocr_par' dir='ltr' id='par_1_3' title="bbox 740 151 1415 205">
     <span class='ocr_line' id='line_1_3' title="bbox 740 151 1415 205; baseline -0.003 -8"><span class='ocrx_word' id='word_1_6' title='bbox 740 161 1060 205; x_wconf 63' lang='lat' dir='ltr'>cotLoQVIVM</span> <span class='ocrx_word' id='word_1_7' title='bbox 1086 151 1415 196; x_wconf 77' lang='lat' dir='ltr'><strong>HARLEIANVM</strong></span> 
     </span>
    </p>
   </div>
   <div class='ocr_carea' id='block_1_4' title="bbox 259 269 1067 1036">
    <p class='ocr_par' dir='ltr' id='par_1_4' title="bbox 259 269 1067 1036">
     <span class='ocr_line' id='line_1_4' title="bbox 259 269 1065 327; baseline -0.004 -11"><span class='ocrx_word' id='word_1_8' title='bbox 259 275 377 326; x_wconf 86' lang='grc' dir='ltr'>παρὰ</span> <span class='ocrx_word' id='word_1_9' title='bbox 396 273 698 326; x_wconf 88' lang='grc' dir='ltr'>γραμματικόν,</span> <span class='ocrx_word' id='word_1_10' title='bbox 726 272 843 324; x_wconf 87' lang='grc' dir='ltr'>παρὰ</span> <span class='ocrx_word' id='word_1_11' title='bbox 872 269 1065 327; x_wconf 84' lang='grc' dir='ltr'>ῥήτορα),</span> 
     </span>
     <span class='ocr_line' id='line_1_5' title="bbox 260 343 1066 401; baseline -0.004 -13"><span class='ocrx_word' id='word_1_12' title='bbox 260 346 380 388; x_wconf 91' lang='grc' dir='ltr'>ὅπως</span> <span class='ocrx_word' id='word_1_13' title='bbox 407 346 459 388; x_wconf 88' lang='grc' dir='ltr'>ἂν</span> <span class='ocrx_word' id='word_1_14' title='bbox 483 349 667 401; x_wconf 88' lang='grc' dir='ltr'>δυνηθῇς</span> <span class='ocrx_word' id='word_1_15' title='bbox 688 343 919 396; x_wconf 88' lang='grc' dir='ltr'>ἄνθρωπος</span> <span class='ocrx_word' id='word_1_16' title='bbox 946 343 1066 398; x_wconf 77' lang='grc' dir='ltr'>εἶναι,</span> 
     </span>
     <span class='ocr_line' id='line_1_6' title="bbox 259 415 1064 470; baseline -0.002 -10"><span class='ocrx_word' id='word_1_17' title='bbox 259 419 328 460; x_wconf 89' lang='grc' dir='ltr'>καὶ</span> <span class='ocrx_word' id='word_1_18' title='bbox 363 418 445 470; x_wconf 90' lang='grc' dir='ltr'>ὅρα</span> <span class='ocrx_word' id='word_1_19' title='bbox 478 419 630 469; x_wconf 86' lang='grc' dir='ltr'>μήτινα</span> <span class='ocrx_word' id='word_1_20' title='bbox 662 415 938 469; x_wconf 87' lang='grc' dir='ltr'>ἀναςτροφὴν</span> <span class='ocrx_word' id='word_1_21' title='bbox 971 430 1064 458; x_wconf 90' lang='grc' dir='ltr'>ποι-</span> 
     </span>
     <span class='ocr_line' id='line_1_7' title="bbox 259 487 1065 542; baseline -0.002 -11"><span class='ocrx_word' id='word_1_22' title='bbox 259 491 413 542; x_wconf 89' lang='grc' dir='ltr'>ήςειας.</span> <span class='ocrx_word' id='word_1_23' title='bbox 471 489 601 531; x_wconf 82' lang='grc' dir='ltr'>οὐδὲν</span> <span class='ocrx_word' id='word_1_24' title='bbox 638 490 720 540; x_wconf 89' lang='grc' dir='ltr'>γὰρ</span> <span class='ocrx_word' id='word_1_25' title='bbox 761 489 900 530; x_wconf 85' lang='grc' dir='ltr'>οὕτως</span> <span class='ocrx_word' id='word_1_26' title='bbox 933 487 1065 538; x_wconf 88' lang='grc' dir='ltr'>ἀναγ-</span> 
     </span>
     <span class='ocr_line' id='line_1_8' title="bbox 260 560 1065 612; baseline -0.004 -8"><span class='ocrx_word' id='word_1_27' title='bbox 260 561 385 604; x_wconf 88' lang='grc' dir='ltr'>καῖόν</span> <span class='ocrx_word' id='word_1_28' title='bbox 424 562 535 603; x_wconf 82' lang='grc' dir='ltr'>ἐςτιν</span> <span class='ocrx_word' id='word_1_29' title='bbox 576 561 612 602; x_wconf 87' lang='grc' dir='ltr'>εἰ</span> <span class='ocrx_word' id='word_1_30' title='bbox 652 561 705 611; x_wconf 89' lang='grc' dir='ltr'>μὴ</span> <span class='ocrx_word' id='word_1_31' title='bbox 745 560 798 601; x_wconf 90' lang='grc' dir='ltr'>τὰ</span> <span class='ocrx_word' id='word_1_32' title='bbox 832 562 1065 612; x_wconf 87' lang='grc' dir='ltr'>μαθήματα.</span> 
     </span>
     <span class='ocr_line' id='line_1_9' title="bbox 261 633 1067 686; baseline -0.002 -11"><span class='ocrx_word' id='word_1_33' title='bbox 261 633 339 676; x_wconf 80' lang='grc' dir='ltr'>ἐὰν</span> <span class='ocrx_word' id='word_1_34' title='bbox 372 634 418 675; x_wconf 91' lang='grc' dir='ltr'>δέ</span> <span class='ocrx_word' id='word_1_35' title='bbox 446 633 507 675; x_wconf 85' lang='grc' dir='ltr'>τίς</span> <span class='ocrx_word' id='word_1_36' title='bbox 535 647 599 675; x_wconf 90' lang='grc' dir='ltr'>ςοι</span> <span class='ocrx_word' id='word_1_37' title='bbox 625 633 847 686; x_wconf 81' lang='grc' dir='ltr'>ἐνοχλήςῃ,</span> <span class='ocrx_word' id='word_1_38' title='bbox 881 633 1067 683; x_wconf 88' lang='grc' dir='ltr'>μήνυςον</span> 
     </span>
     <span class='ocr_line' id='line_1_10' title="bbox 260 703 1066 760; baseline -0.002 -13"><span class='ocrx_word' id='word_1_39' title='bbox 260 708 321 760; x_wconf 85' lang='grc' dir='ltr'>τῷ</span> <span class='ocrx_word' id='word_1_40' title='bbox 349 705 599 760; x_wconf 85' lang='grc' dir='ltr'>διδαςκάλω.</span> <span class='ocrx_word' id='word_1_41' title='bbox 650 704 805 758; x_wconf 86' lang='grc' dir='ltr'>γράφε,</span> <span class='ocrx_word' id='word_1_42' title='bbox 838 703 1066 753; x_wconf 86' lang='grc' dir='ltr'>ἀνάγνωθι,</span> 
     </span>
     <span class='ocr_line' id='line_1_11' title="bbox 263 775 1065 830; baseline -0.006 -10"><span class='ocrx_word' id='word_1_43' title='bbox 263 779 474 830; x_wconf 89' lang='grc' dir='ltr'>ψήφιςον,</span> <span class='ocrx_word' id='word_1_44' title='bbox 504 778 612 828; x_wconf 90' lang='grc' dir='ltr'>πρὸς</span> <span class='ocrx_word' id='word_1_45' title='bbox 638 776 804 827; x_wconf 86' lang='grc' dir='ltr'>ἡλικίαν</span> <span class='ocrx_word' id='word_1_46' title='bbox 831 777 909 827; x_wconf 88' lang='grc' dir='ltr'>τὴν</span> <span class='ocrx_word' id='word_1_47' title='bbox 936 775 1065 826; x_wconf 88' lang='grc' dir='ltr'>ἀκμά-</span> 
     </span>
     <span class='ocr_line' id='line_1_12' title="bbox 261 847 1067 903; baseline -0.005 -11"><span class='ocrx_word' id='word_1_48' title='bbox 261 852 417 893; x_wconf 84' lang='grc' dir='ltr'>Ζουςαν</span> <span class='ocrx_word' id='word_1_49' title='bbox 463 849 590 903; x_wconf 79' lang='grc' dir='ltr'>ἔλθῃς</span> <span class='ocrx_word' id='word_1_50' title='bbox 634 848 703 890; x_wconf 82' lang='grc' dir='ltr'>καὶ</span> <span class='ocrx_word' id='word_1_51' title='bbox 748 847 948 900; x_wconf 79' lang='grc' dir='ltr'>ἔμπειρος</span> <span class='ocrx_word' id='word_1_52' title='bbox 999 847 1067 888; x_wconf 87' lang='grc' dir='ltr'>καὶ</span> 
     </span>
     <span class='ocr_line' id='line_1_13' title="bbox 262 919 1066 973; baseline -0.002 -10"><span class='ocrx_word' id='word_1_53' title='bbox 262 921 446 973; x_wconf 92' lang='grc' dir='ltr'>δόκιμος.</span> <span class='ocrx_word' id='word_1_54' title='bbox 480 921 588 972; x_wconf 90' lang='grc' dir='ltr'>πρὸς</span> <span class='ocrx_word' id='word_1_55' title='bbox 614 923 760 972; x_wconf 84' lang='grc' dir='ltr'>ταῦτα,</span> <span class='ocrx_word' id='word_1_56' title='bbox 781 923 870 970; x_wconf 84' lang='grc' dir='ltr'>παῖ,</span> <span class='ocrx_word' id='word_1_57' title='bbox 893 919 1066 971; x_wconf 85' lang='grc' dir='ltr'>ἀποκρί-</span> 
     </span>
     <span class='ocr_line' id='line_1_14' title="bbox 262 1007 353 1036; baseline -0.011 -1"><span class='ocrx_word' id='word_1_58' title='bbox 262 1007 353 1036; x_wconf 85' lang='grc' dir='ltr'>νου.</span> 
     </span>
    </p>
   </div>
   <div class='ocr_carea' id='block_1_5' title="bbox 234 1063 1067 1118">
    <p class='ocr_par' dir='ltr' id='par_1_5' title="bbox 234 1063 1067 1118">
     <span class='ocr_line' id='line_1_15' title="bbox 234 1063 1067 1118; baseline -0.002 -12"><span class='ocrx_word' id='word_1_59' title='bbox 234 1099 242 1106; x_wconf 95' lang='grc'>.</span> <span class='ocrx_word' id='word_1_60' title='bbox 273 1064 420 1118; x_wconf 84' lang='grc' dir='ltr'>Πάτερ</span> <span class='ocrx_word' id='word_1_61' title='bbox 454 1065 698 1118; x_wconf 85' lang='grc' dir='ltr'>τιμιώτατε,</span> <span class='ocrx_word' id='word_1_62' title='bbox 735 1065 960 1107; x_wconf 79' lang='grc' dir='ltr'>κατάδεξαι</span> <span class='ocrx_word' id='word_1_63' title='bbox 992 1063 1067 1104; x_wconf 91' lang='grc' dir='ltr'>τὰς</span> 
     </span>
    </p>
   </div>
   <div class='ocr_carea' id='block_1_6' title="bbox 262 1135 1072 1910">
    <p class='ocr_par' dir='ltr' id='par_1_6' title="bbox 262 1135 1069 1477">
     <span class='ocr_line' id='line_1_16' title="bbox 262 1135 1068 1189; baseline -0.004 -10"><span class='ocrx_word' id='word_1_64' title='bbox 262 1137 365 1189; x_wconf 83' lang='grc' dir='ltr'>ἐμὰς</span> <span class='ocrx_word' id='word_1_65' title='bbox 399 1137 574 1188; x_wconf 89' lang='grc' dir='ltr'>ὁμιλίας.</span> <span class='ocrx_word' id='word_1_66' title='bbox 633 1138 792 1189; x_wconf 86' lang='grc' dir='ltr'>ἤκουςα</span> <span class='ocrx_word' id='word_1_67' title='bbox 828 1135 968 1177; x_wconf 89' lang='grc' dir='ltr'>πάντα</span> <span class='ocrx_word' id='word_1_68' title='bbox 1001 1136 1068 1176; x_wconf 85' lang='grc' dir='ltr'>καὶ</span> 
     </span>
     <span class='ocr_line' id='line_1_17' title="bbox 265 1207 1069 1261; baseline -0.002 -11"><span class='ocrx_word' id='word_1_69' title='bbox 265 1208 324 1251; x_wconf 85' lang='grc' dir='ltr'>εἰς</span> <span class='ocrx_word' id='word_1_70' title='bbox 370 1210 536 1261; x_wconf 88' lang='grc' dir='ltr'>μνήμην</span> <span class='ocrx_word' id='word_1_71' title='bbox 582 1210 830 1261; x_wconf 83' lang='grc' dir='ltr'>κατεθέμην.</span> <span class='ocrx_word' id='word_1_72' title='bbox 895 1207 1069 1259; x_wconf 88' lang='grc' dir='ltr'>χάριτας</span> 
     </span>
     <span class='ocr_line' id='line_1_18' title="bbox 265 1279 1069 1333; baseline -0.002 -10"><span class='ocrx_word' id='word_1_73' title='bbox 265 1280 470 1333; x_wconf 84' lang='grc' dir='ltr'>ὁμολογῶ</span> <span class='ocrx_word' id='word_1_74' title='bbox 534 1282 722 1332; x_wconf 76' lang='grc' dir='ltr'>μεγάλας</span> <span class='ocrx_word' id='word_1_75' title='bbox 780 1280 898 1332; x_wconf 88' lang='grc' dir='ltr'>παρὰ</span> <span class='ocrx_word' id='word_1_76' title='bbox 955 1279 1069 1330; x_wconf 88' lang='grc' dir='ltr'>θεόν,</span> 
     </span>
     <span class='ocr_line' id='line_1_19' title="bbox 263 1352 1068 1406; baseline -0.009 -11"><span class='ocrx_word' id='word_1_77' title='bbox 263 1354 331 1395; x_wconf 84' lang='grc' dir='ltr'>καὶ</span> <span class='ocrx_word' id='word_1_78' title='bbox 364 1352 571 1396; x_wconf 89' lang='grc' dir='ltr'>διδάςκεις</span> <span class='ocrx_word' id='word_1_79' title='bbox 605 1354 673 1395; x_wconf 80' lang='grc' dir='ltr'>καὶ</span> <span class='ocrx_word' id='word_1_80' title='bbox 706 1355 903 1406; x_wconf 86' lang='grc' dir='ltr'>δαπανᾷς</span> <span class='ocrx_word' id='word_1_81' title='bbox 936 1367 958 1389; x_wconf 79' lang='lat'>*</span> <span class='ocrx_word' id='word_1_82' title='bbox 992 1367 1013 1389; x_wconf 77' lang='lat'><strong><em>*</em></strong></span> <span class='ocrx_word' id='word_1_83' title='bbox 1047 1367 1068 1389; x_wconf 71' lang='lat'>*</span> 
     </span>
     <span class='ocr_line' id='line_1_20' title="bbox 264 1422 993 1477; baseline -0.003 -10"><span class='ocrx_word' id='word_1_84' title='bbox 264 1426 331 1467; x_wconf 83' lang='grc' dir='ltr'>καὶ</span> <span class='ocrx_word' id='word_1_85' title='bbox 364 1427 574 1477; x_wconf 87' lang='grc' dir='ltr'>νουνεχὴς</span> <span class='ocrx_word' id='word_1_86' title='bbox 609 1423 840 1476; x_wconf 87' lang='grc' dir='ltr'>ἄνθρωπος</span> <span class='ocrx_word' id='word_1_87' title='bbox 873 1422 993 1466; x_wconf 82' lang='grc' dir='ltr'>εἶναι.</span> 
     </span>
    </p>

    <p class='ocr_par' dir='ltr' id='par_1_7' title="bbox 263 1494 1072 1910">
     <span class='ocr_line' id='line_1_21' title="bbox 664 1494 1069 1548; baseline -0.002 -10"><span class='ocrx_word' id='word_1_88' title='bbox 664 1496 702 1538; x_wconf 87' lang='grc' dir='ltr'>τί</span> <span class='ocrx_word' id='word_1_89' title='bbox 735 1497 927 1548; x_wconf 91' lang='grc' dir='ltr'>κάθηςαι;</span> <span class='ocrx_word' id='word_1_90' title='bbox 962 1494 1069 1547; x_wconf 82' lang='grc' dir='ltr'>ἆρον</span> 
     </span>
     <span class='ocr_line' id='line_1_22' title="bbox 263 1568 1069 1622; baseline -0.004 -10"><span class='ocrx_word' id='word_1_91' title='bbox 263 1569 406 1612; x_wconf 87' lang='grc' dir='ltr'>πάντα</span> <span class='ocrx_word' id='word_1_92' title='bbox 457 1569 594 1622; x_wconf 85' lang='grc' dir='ltr'>βιβλία</span> <span class='ocrx_word' id='word_1_93' title='bbox 644 1569 697 1610; x_wconf 87' lang='grc' dir='ltr'>τὰ</span> <span class='ocrx_word' id='word_1_94' title='bbox 751 1568 937 1622; x_wconf 84' lang='grc' dir='ltr'>ῥωμαῖα,</span> <span class='ocrx_word' id='word_1_95' title='bbox 995 1568 1069 1609; x_wconf 87' lang='grc' dir='ltr'>τὰς</span> 
     </span>
     <span class='ocr_line' id='line_1_23' title="bbox 264 1638 1070 1694; baseline -0.006 -9"><span class='ocrx_word' id='word_1_96' title='bbox 264 1643 472 1694; x_wconf 89' lang='grc' dir='ltr'>διφθέρας</span> <span class='ocrx_word' id='word_1_97' title='bbox 504 1638 680 1684; x_wconf 72' lang='grc' dir='ltr'>καῖ’τὰς</span> <span class='ocrx_word' id='word_1_98' title='bbox 717 1640 939 1682; x_wconf 90' lang='grc' dir='ltr'>πινακίδας</span> <span class='ocrx_word' id='word_1_99' title='bbox 973 1640 1070 1693; x_wconf 88' lang='grc' dir='ltr'>&lt;καὶ</span> 
     </span>
     <span class='ocr_line' id='line_1_24' title="bbox 264 1711 1068 1767; baseline -0.004 -12"><span class='ocrx_word' id='word_1_100' title='bbox 264 1714 342 1756; x_wconf 91' lang='grc' dir='ltr'>τὸν</span> <span class='ocrx_word' id='word_1_101' title='bbox 374 1713 706 1767; x_wconf 81' lang='grc' dir='ltr'>γλωςςοκόμον)</span> <span class='ocrx_word' id='word_1_102' title='bbox 734 1712 802 1754; x_wconf 82' lang='grc' dir='ltr'>καὶ</span> <span class='ocrx_word' id='word_1_103' title='bbox 828 1713 906 1754; x_wconf 91' lang='grc' dir='ltr'>τὸν</span> <span class='ocrx_word' id='word_1_104' title='bbox 933 1711 1068 1763; x_wconf 91' lang='grc' dir='ltr'>παρά-</span> 
     </span>
     <span class='ocr_line' id='line_1_25' title="bbox 264 1785 1071 1838; baseline -0.004 -10"><span class='ocrx_word' id='word_1_105' title='bbox 264 1800 457 1838; x_wconf 89' lang='grc' dir='ltr'>γραφον,</span> <span class='ocrx_word' id='word_1_106' title='bbox 496 1786 546 1828; x_wconf 89' lang='grc' dir='ltr'>τὸ</span> <span class='ocrx_word' id='word_1_107' title='bbox 579 1787 714 1838; x_wconf 84' lang='grc' dir='ltr'>μέλαν</span> <span class='ocrx_word' id='word_1_108' title='bbox 754 1785 822 1826; x_wconf 84' lang='grc' dir='ltr'>καὶ</span> <span class='ocrx_word' id='word_1_109' title='bbox 860 1785 961 1827; x_wconf 89' lang='grc' dir='ltr'>τοὺς</span> <span class='ocrx_word' id='word_1_110' title='bbox 999 1798 1071 1825; x_wconf 82' lang='grc' dir='ltr'>κα-</span> 
     </span>
     <span class='ocr_line' id='line_1_26' title="bbox 266 1856 1072 1910; baseline -0.002 -10"><span class='ocrx_word' id='word_1_111' title='bbox 266 1857 438 1910; x_wconf 88' lang='grc' dir='ltr'>λάμους.</span> <span class='ocrx_word' id='word_1_112' title='bbox 484 1857 751 1909; x_wconf 86' lang='grc' dir='ltr'>ἀπέλθωμεν,</span> <span class='ocrx_word' id='word_1_113' title='bbox 776 1856 1072 1908; x_wconf 83' lang='grc' dir='ltr'>ἀςπαςώμεθα.</span> 
     </span>
    </p>
   </div>
   <div class='ocr_carea' id='block_1_7' title="bbox 266 2002 1073 2420">
    <p class='ocr_par' dir='ltr' id='par_1_8' title="bbox 266 2002 1073 2420">
     <span class='ocr_line' id='line_1_27' title="bbox 267 2002 1072 2054; baseline -0.004 -9"><span class='ocrx_word' id='word_1_114' title='bbox 267 2017 330 2046; x_wconf 93' lang='grc' dir='ltr'>ςοι</span> <span class='ocrx_word' id='word_1_115' title='bbox 368 2004 551 2053; x_wconf 90' lang='grc' dir='ltr'>γένοιτο.</span> <span class='ocrx_word' id='word_1_116' title='bbox 603 2002 689 2045; x_wconf 88' lang='grc' dir='ltr'>ἀπὸ</span> <span class='ocrx_word' id='word_1_117' title='bbox 727 2004 909 2054; x_wconf 88' lang='grc' dir='ltr'>ςήμερον</span> <span class='ocrx_word' id='word_1_118' title='bbox 948 2003 1072 2052; x_wconf 92' lang='grc' dir='ltr'>φιλο-</span> 
     </span>
     <span class='ocr_line' id='line_1_28' title="bbox 266 2072 1072 2126; baseline -0.005 -8"><span class='ocrx_word' id='word_1_119' title='bbox 266 2079 420 2118; x_wconf 82' lang='grc' dir='ltr'>πονεῖν</span> <span class='ocrx_word' id='word_1_120' title='bbox 477 2076 603 2117; x_wconf 91' lang='grc' dir='ltr'>θέλω.</span> <span class='ocrx_word' id='word_1_121' title='bbox 673 2075 822 2126; x_wconf 77' lang='grc' dir='ltr'>ἐρωτῶ</span> <span class='ocrx_word' id='word_1_122' title='bbox 881 2087 924 2116; x_wconf 90' lang='grc' dir='ltr'>ςε</span> <span class='ocrx_word' id='word_1_123' title='bbox 982 2072 1072 2122; x_wconf 82' lang='grc' dir='ltr'>οὖν,</span> 
     </span>
     <span class='ocr_line' id='line_1_29' title="bbox 268 2145 1071 2202; baseline -0.005 -12"><span class='ocrx_word' id='word_1_124' title='bbox 268 2147 472 2202; x_wconf 77' lang='grc' dir='ltr'>(δίδαξον</span> <span class='ocrx_word' id='word_1_125' title='bbox 494 2148 573 2201; x_wconf 88' lang='grc' dir='ltr'>με&gt;</span> <span class='ocrx_word' id='word_1_126' title='bbox 590 2147 791 2199; x_wconf 82' lang='grc' dir='ltr'>ῥωμαϊςτὶ</span> <span class='ocrx_word' id='word_1_127' title='bbox 813 2147 973 2187; x_wconf 87' lang='grc' dir='ltr'>λαλεῖν.</span> <span class='ocrx_word' id='word_1_128' title='bbox 994 2145 1071 2186; x_wconf 93' lang='grc' dir='ltr'>Δι-</span> 
     </span>
     <span class='ocr_line' id='line_1_30' title="bbox 268 2216 1072 2275; baseline -0.005 -13"><span class='ocrx_word' id='word_1_129' title='bbox 268 2220 406 2262; x_wconf 89' lang='grc' dir='ltr'>δάςκω</span> <span class='ocrx_word' id='word_1_130' title='bbox 435 2233 491 2275; x_wconf 91' lang='grc' dir='ltr'>ςε,</span> <span class='ocrx_word' id='word_1_131' title='bbox 518 2219 594 2262; x_wconf 82' lang='grc' dir='ltr'>ἐάν</span> <span class='ocrx_word' id='word_1_132' title='bbox 622 2233 691 2271; x_wconf 84' lang='grc' dir='ltr'>μοι</span> <span class='ocrx_word' id='word_1_133' title='bbox 718 2217 918 2272; x_wconf 89' lang='grc' dir='ltr'>πρόςχῃς.</span> <span class='ocrx_word' id='word_1_134' title='bbox 954 2216 1072 2267; x_wconf 81' lang='grc' dir='ltr'>Ἰδού,</span> 
     </span>
     <span class='ocr_line' id='line_1_31' title="bbox 268 2290 1073 2344; baseline -0.005 -10"><span class='ocrx_word' id='word_1_135' title='bbox 268 2293 479 2344; x_wconf 90' lang='grc' dir='ltr'>προςέχω.</span> <span class='ocrx_word' id='word_1_136' title='bbox 518 2293 667 2334; x_wconf 91' lang='grc' dir='ltr'>Καλῶς</span> <span class='ocrx_word' id='word_1_137' title='bbox 688 2290 822 2342; x_wconf 82' lang='grc' dir='ltr'>εἶπας,</span> <span class='ocrx_word' id='word_1_138' title='bbox 845 2290 903 2332; x_wconf 83' lang='grc' dir='ltr'>ὼς</span> <span class='ocrx_word' id='word_1_139' title='bbox 919 2290 1073 2341; x_wconf 87' lang='grc' dir='ltr'>πρέπει</span> 
     </span>
     <span class='ocr_line' id='line_1_32' title="bbox 267 2363 667 2420; baseline -0.005 -14"><span class='ocrx_word' id='word_1_140' title='bbox 267 2368 318 2420; x_wconf 86' lang='grc' dir='ltr'>τῇ</span> <span class='ocrx_word' id='word_1_141' title='bbox 352 2363 548 2418; x_wconf 84' lang='grc' dir='ltr'>εὐγενείᾳ</span> <span class='ocrx_word' id='word_1_142' title='bbox 581 2377 667 2405; x_wconf 90' lang='grc' dir='ltr'>ςου.</span> 
     </span>
    </p>
   </div>
   <div class='ocr_carea' id='block_1_8' title="bbox 268 2434 1133 2560">
    <p class='ocr_par' dir='ltr' id='par_1_9' title="bbox 268 2434 1133 2560">
     <span class='ocr_line' id='line_1_33' title="bbox 281 2434 1133 2490; baseline -0.001 -12"><span class='ocrx_word' id='word_1_143' title='bbox 281 2435 454 2478; x_wconf 84' lang='grc' dir='ltr'>Ἐπίδος</span> <span class='ocrx_word' id='word_1_144' title='bbox 487 2449 574 2488; x_wconf 89' lang='grc' dir='ltr'>μοι,</span> <span class='ocrx_word' id='word_1_145' title='bbox 607 2438 698 2490; x_wconf 85' lang='grc' dir='ltr'>παῖ,</span> <span class='ocrx_word' id='word_1_146' title='bbox 723 2435 773 2476; x_wconf 88' lang='grc' dir='ltr'>τὸ</span> <span class='ocrx_word' id='word_1_147' title='bbox 800 2434 1073 2485; x_wconf 89' lang='grc' dir='ltr'>ἀναλογεῖον.</span> <span class='ocrx_word' id='word_1_148' title='bbox 1114 2436 1133 2477; x_wconf 74' lang='grc' dir='ltr'><em>ἶ</em></span> 
     </span>
     <span class='ocr_line' id='line_1_34' title="bbox 268 2506 1076 2560; baseline -0.002 -10"><span class='ocrx_word' id='word_1_149' title='bbox 268 2509 434 2560; x_wconf 90' lang='grc' dir='ltr'>ταχέως</span> <span class='ocrx_word' id='word_1_150' title='bbox 485 2507 564 2550; x_wconf 79' lang='grc' dir='ltr'>οὖν</span> <span class='ocrx_word' id='word_1_151' title='bbox 609 2507 756 2550; x_wconf 80' lang='grc' dir='ltr'>ἐπίδος</span> <span class='ocrx_word' id='word_1_152' title='bbox 801 2507 851 2548; x_wconf 89' lang='grc' dir='ltr'>τὸ</span> <span class='ocrx_word' id='word_1_153' title='bbox 902 2506 1076 2559; x_wconf 86' lang='grc' dir='ltr'>βιβλίον,</span> 
     </span>
    </p>
   </div>
   <div class='ocr_carea' id='block_1_9' title="bbox 269 2579 1075 2851">
    <p class='ocr_par' dir='ltr' id='par_1_10' title="bbox 269 2579 1075 2851">
     <span class='ocr_line' id='line_1_35' title="bbox 270 2579 1075 2632; baseline -0.005 -9"><span class='ocrx_word' id='word_1_154' title='bbox 270 2580 507 2632; x_wconf 88' lang='grc' dir='ltr'>ἀνείληςον,</span> <span class='ocrx_word' id='word_1_155' title='bbox 535 2579 754 2630; x_wconf 87' lang='grc' dir='ltr'>ἀνάγνωθι</span> <span class='ocrx_word' id='word_1_156' title='bbox 781 2579 886 2630; x_wconf 88' lang='grc' dir='ltr'>μετὰ</span> <span class='ocrx_word' id='word_1_157' title='bbox 912 2581 1075 2631; x_wconf 86' lang='grc' dir='ltr'>φωνῆς,</span> 
     </span>
     <span class='ocr_line' id='line_1_36' title="bbox 270 2649 1075 2704; baseline -0.004 -10"><span class='ocrx_word' id='word_1_158' title='bbox 270 2652 444 2696; x_wconf 81' lang='grc' dir='ltr'>ἄνοιξον</span> <span class='ocrx_word' id='word_1_159' title='bbox 477 2652 527 2694; x_wconf 91' lang='grc' dir='ltr'>τὸ</span> <span class='ocrx_word' id='word_1_160' title='bbox 555 2651 699 2704; x_wconf 88' lang='grc' dir='ltr'>ςτόμα,</span> <span class='ocrx_word' id='word_1_161' title='bbox 728 2652 932 2704; x_wconf 86' lang='grc' dir='ltr'>ψήφιςον.</span> <span class='ocrx_word' id='word_1_162' title='bbox 982 2649 1075 2702; x_wconf 88' lang='grc' dir='ltr'>ἄρτι</span> 
     </span>
     <span class='ocr_line' id='line_1_37' title="bbox 270 2722 1075 2777; baseline -0.004 -10"><span class='ocrx_word' id='word_1_163' title='bbox 270 2727 412 2767; x_wconf 91' lang='grc' dir='ltr'>καλῶς</span> <span class='ocrx_word' id='word_1_164' title='bbox 438 2725 617 2776; x_wconf 92' lang='grc' dir='ltr'>ποίηςον</span> <span class='ocrx_word' id='word_1_165' title='bbox 638 2723 789 2775; x_wconf 89' lang='grc' dir='ltr'>τόπον,</span> <span class='ocrx_word' id='word_1_166' title='bbox 813 2723 885 2765; x_wconf 88' lang='grc' dir='ltr'>ἵνα</span> <span class='ocrx_word' id='word_1_167' title='bbox 904 2722 1075 2777; x_wconf 90' lang='grc' dir='ltr'>γράψῃς</span> 
     </span>
     <span class='ocr_line' id='line_1_38' title="bbox 269 2796 523 2851; baseline -0.004 -12"><span class='ocrx_word' id='word_1_168' title='bbox 269 2796 523 2851; x_wconf 87' lang='grc' dir='ltr'>&lt;ἅμιλλαν&gt;.</span> 
     </span>
    </p>
   </div>
   <div class='ocr_carea' id='block_1_10' title="bbox 242 2865 1074 2923">
    <p class='ocr_par' dir='ltr' id='par_1_11' title="bbox 242 2865 1074 2923">
     <span class='ocr_line' id='line_1_39' title="bbox 242 2865 1074 2923; baseline 0 -14"><span class='ocrx_word' id='word_1_169' title='bbox 242 2902 249 2909; x_wconf 95' lang='grc'>.</span> <span class='ocrx_word' id='word_1_170' title='bbox 272 2869 388 2923; x_wconf 90' lang='grc' dir='ltr'>&lt;Τὸν</span> <span class='ocrx_word' id='word_1_171' title='bbox 409 2870 584 2923; x_wconf 86' lang='grc' dir='ltr'>μιςθὸν&gt;</span> <span class='ocrx_word' id='word_1_172' title='bbox 598 2869 888 2921; x_wconf 84' lang='grc' dir='ltr'>οὐκῆνεγκας;</span> <span class='ocrx_word' id='word_1_173' title='bbox 903 2865 1074 2919; x_wconf 87' lang='grc' dir='ltr'>Ἠιτηςα</span> 
     </span>
    </p>
   </div>
   <div class='ocr_carea' id='block_1_11' title="bbox 269 2939 1074 3211">
    <p class='ocr_par' dir='ltr' id='par_1_12' title="bbox 269 2939 1074 3211">
     <span class='ocr_line' id='line_1_40' title="bbox 269 2939 1074 2993; baseline -0.002 -10"><span class='ocrx_word' id='word_1_174' title='bbox 269 2942 348 2983; x_wconf 89' lang='grc' dir='ltr'>τὸν</span> <span class='ocrx_word' id='word_1_175' title='bbox 374 2942 541 2993; x_wconf 90' lang='grc' dir='ltr'>πατέρα</span> <span class='ocrx_word' id='word_1_176' title='bbox 564 2942 632 2983; x_wconf 87' lang='grc' dir='ltr'>καὶ</span> <span class='ocrx_word' id='word_1_177' title='bbox 660 2939 798 2982; x_wconf 80' lang='grc' dir='ltr'>εἶπεν·</span> <span class='ocrx_word' id='word_1_178' title='bbox 827 2940 915 2990; x_wconf 82' lang='grc' dir='ltr'>ἐγὼ</span> <span class='ocrx_word' id='word_1_179' title='bbox 944 2939 1074 2981; x_wconf 87' lang='grc' dir='ltr'>αὐτὸς</span> 
     </span>
     <span class='ocr_line' id='line_1_41' title="bbox 271 3012 1074 3065; baseline -0.004 -9"><span class='ocrx_word' id='word_1_180' title='bbox 271 3013 495 3065; x_wconf 86' lang='grc' dir='ltr'>έλεύςομαι</span> <span class='ocrx_word' id='word_1_181' title='bbox 542 3013 630 3056; x_wconf 82' lang='grc' dir='ltr'>ἐκεῖ</span> <span class='ocrx_word' id='word_1_182' title='bbox 674 3012 771 3064; x_wconf 90' lang='grc' dir='ltr'>ἅμα.</span> <span class='ocrx_word' id='word_1_183' title='bbox 834 3013 948 3054; x_wconf 91' lang='grc' dir='ltr'>θέλω</span> <span class='ocrx_word' id='word_1_184' title='bbox 992 3012 1074 3063; x_wconf 90' lang='grc' dir='ltr'>γὰρ</span> 
     </span>
     <span class='ocr_line' id='line_1_42' title="bbox 272 3084 1074 3137; baseline -0.004 -9"><span class='ocrx_word' id='word_1_185' title='bbox 272 3086 339 3128; x_wconf 85' lang='grc' dir='ltr'>καὶ</span> <span class='ocrx_word' id='word_1_186' title='bbox 395 3084 615 3128; x_wconf 84' lang='grc' dir='ltr'>ἀπόδειξιν</span> <span class='ocrx_word' id='word_1_187' title='bbox 666 3086 828 3137; x_wconf 87' lang='grc' dir='ltr'>λαβεῖν.</span> <span class='ocrx_word' id='word_1_188' title='bbox 897 3085 1074 3136; x_wconf 87' lang='grc' dir='ltr'>Πρᾶξον</span> 
     </span>
     <span class='ocr_line' id='line_1_43' title="bbox 273 3156 1073 3211; baseline -0.004 -11"><span class='ocrx_word' id='word_1_189' title='bbox 273 3157 352 3201; x_wconf 77' lang='grc' dir='ltr'>οὖν</span> <span class='ocrx_word' id='word_1_190' title='bbox 402 3158 632 3210; x_wconf 83' lang='grc' dir='ltr'>ἐπιμελῶς,</span> <span class='ocrx_word' id='word_1_191' title='bbox 683 3156 755 3198; x_wconf 88' lang='grc' dir='ltr'>ἵνα</span> <span class='ocrx_word' id='word_1_192' title='bbox 800 3156 969 3209; x_wconf 83' lang='grc' dir='ltr'>ἕτοιμος</span> <span class='ocrx_word' id='word_1_193' title='bbox 1013 3156 1073 3211; x_wconf 84' lang='grc' dir='ltr'>ῇς.</span> 
     </span>
    </p>
   </div>
   <div class='ocr_carea' id='block_1_12' title="bbox 237 1930 1149 1983">
    <p class='ocr_par' dir='ltr' id='par_1_13' title="bbox 237 1930 1149 1983">
     <span class='ocr_line' id='line_1_44' title="bbox 237 1930 1149 1983; baseline -0.003 -10"><span class='ocrx_word' id='word_1_194' title='bbox 237 1931 427 1983; x_wconf 88' lang='grc' dir='ltr'>.Χαῖρε,</span> <span class='ocrx_word' id='word_1_195' title='bbox 479 1930 592 1982; x_wconf 85' lang='grc' dir='ltr'>κύριε</span> <span class='ocrx_word' id='word_1_196' title='bbox 639 1930 880 1980; x_wconf 90' lang='grc' dir='ltr'>διδάςκαλε,</span> <span class='ocrx_word' id='word_1_197' title='bbox 932 1931 1073 1970; x_wconf 91' lang='grc' dir='ltr'>καλῶς</span> <span class='ocrx_word' id='word_1_198' title='bbox 1111 1931 1149 1971; x_wconf 83' lang='lat'>4.</span> 
     </span>
    </p>
   </div>
   <div class='ocr_carea' id='block_1_13' title="bbox 1115 2868 1151 2910">
    <p class='ocr_par' dir='ltr' id='par_1_14' title="bbox 1115 2868 1151 2910">
     <span class='ocr_line' id='line_1_45' title="bbox 1115 2868 1151 2910; baseline -0.028 0"><span class='ocrx_word' id='word_1_199' title='bbox 1115 2868 1151 2910; x_wconf 82' lang='lat' dir='ltr'>ss.</span> 
     </span>
    </p>
   </div>
   <div class='ocr_carea' id='block_1_14' title="bbox 1109 1494 1483 1551">
    <p class='ocr_par' dir='ltr' id='par_1_15' title="bbox 1109 1494 1483 1551">
     <span class='ocr_line' id='line_1_46' title="bbox 1109 1494 1483 1551; baseline -0.003 -15"><span class='ocrx_word' id='word_1_200' title='bbox 1109 1501 1146 1536; x_wconf 72' lang='grc'>3.</span> <span class='ocrx_word' id='word_1_201' title='bbox 1183 1494 1333 1551; x_wconf 73' lang='lat' dir='ltr'>Surge,</span> <span class='ocrx_word' id='word_1_202' title='bbox 1366 1509 1483 1550; x_wconf 88' lang='lat' dir='ltr'>puer.</span> 
     </span>
    </p>
   </div>
   <div class='ocr_carea' id='block_1_15' title="bbox 1878 159 1963 201">
    <p class='ocr_par' dir='ltr' id='par_1_16' title="bbox 1878 159 1963 201">
     <span class='ocr_line' id='line_1_47' title="bbox 1878 159 1963 201; baseline 0 -1"><span class='ocrx_word' id='word_1_203' title='bbox 1878 159 1963 201; x_wconf 79' lang='lat'>639</span> 
     </span>
    </p>
   </div>
   <div class='ocr_carea' id='block_1_16' title="bbox 1163 268 1969 901">
    <p class='ocr_par' dir='ltr' id='par_1_17' title="bbox 1163 268 1969 901">
     <span class='ocr_line' id='line_1_48' title="bbox 1165 268 1966 327; baseline -0.004 -14"><span class='ocrx_word' id='word_1_204' title='bbox 1165 268 1419 327; x_wconf 86' lang='lat' dir='ltr'>oratorem),</span> <span class='ocrx_word' id='word_1_205' title='bbox 1452 272 1499 311; x_wconf 92' lang='lat' dir='ltr'>ut</span> <span class='ocrx_word' id='word_1_206' title='bbox 1531 269 1671 326; x_wconf 88' lang='lat' dir='ltr'>possis</span> <span class='ocrx_word' id='word_1_207' title='bbox 1702 269 1832 311; x_wconf 90' lang='lat' dir='ltr'>homo</span> <span class='ocrx_word' id='word_1_208' title='bbox 1863 283 1966 324; x_wconf 89' lang='lat' dir='ltr'>esse,</span> 
     </span>
     <span class='ocr_line' id='line_1_49' title="bbox 1165 341 1966 397; baseline -0.002 -13"><span class='ocrx_word' id='word_1_209' title='bbox 1165 345 1207 384; x_wconf 89' lang='lat' dir='ltr'>et</span> <span class='ocrx_word' id='word_1_210' title='bbox 1261 342 1359 384; x_wconf 88' lang='lat' dir='ltr'>uide</span> <span class='ocrx_word' id='word_1_211' title='bbox 1410 357 1463 384; x_wconf 91' lang='lat' dir='ltr'>ne</span> <span class='ocrx_word' id='word_1_212' title='bbox 1518 356 1647 397; x_wconf 89' lang='lat' dir='ltr'>quam</span> <span class='ocrx_word' id='word_1_213' title='bbox 1698 341 1966 383; x_wconf 83' lang='lat' dir='ltr'>consuetudi-</span> 
     </span>
     <span class='ocr_line' id='line_1_50' title="bbox 1164 413 1968 456; baseline -0.002 0"><span class='ocrx_word' id='word_1_214' title='bbox 1164 429 1264 456; x_wconf 85' lang='lat' dir='ltr'>nem</span> <span class='ocrx_word' id='word_1_215' title='bbox 1329 414 1472 456; x_wconf 83' lang='lat' dir='ltr'>facias.</span> <span class='ocrx_word' id='word_1_216' title='bbox 1554 413 1665 455; x_wconf 75' lang='lat' dir='ltr'>m‘hjl</span> <span class='ocrx_word' id='word_1_217' title='bbox 1728 413 1843 455; x_wconf 86' lang='lat' dir='ltr'>enim</span> <span class='ocrx_word' id='word_1_218' title='bbox 1906 413 1968 454; x_wconf 87' lang='lat' dir='ltr'>ita</span> 
     </span>
     <span class='ocr_line' id='line_1_51' title="bbox 1163 484 1967 528; baseline -0.004 0"><span class='ocrx_word' id='word_1_219' title='bbox 1163 486 1453 528; x_wconf 87' lang='lat' dir='ltr'>necessarium</span> <span class='ocrx_word' id='word_1_220' title='bbox 1493 488 1557 528; x_wconf 88' lang='lat' dir='ltr'>est</span> <span class='ocrx_word' id='word_1_221' title='bbox 1596 485 1681 528; x_wconf 85' lang='lat' dir='ltr'>nisi</span> <span class='ocrx_word' id='word_1_222' title='bbox 1714 484 1867 526; x_wconf 87' lang='lat' dir='ltr'>studia.</span> <span class='ocrx_word' id='word_1_223' title='bbox 1933 484 1967 526; x_wconf 91' lang='lat' dir='ltr'>si</span> 
     </span>
     <span class='ocr_line' id='line_1_52' title="bbox 1165 556 1968 613; baseline -0.002 -14"><span class='ocrx_word' id='word_1_224' title='bbox 1165 558 1261 613; x_wconf 89' lang='lat' dir='ltr'>quis</span> <span class='ocrx_word' id='word_1_225' title='bbox 1300 561 1444 600; x_wconf 90' lang='lat' dir='ltr'>autem</span> <span class='ocrx_word' id='word_1_226' title='bbox 1483 557 1564 599; x_wconf 90' lang='lat' dir='ltr'>tibi</span> <span class='ocrx_word' id='word_1_227' title='bbox 1597 557 1870 611; x_wconf 72' lang='lat' dir='ltr'>molestatur,</span> <span class='ocrx_word' id='word_1_228' title='bbox 1908 556 1968 597; x_wconf 92' lang='lat' dir='ltr'>in-</span> 
     </span>
     <span class='ocr_line' id='line_1_53' title="bbox 1165 628 1969 686; baseline -0.004 -14"><span class='ocrx_word' id='word_1_229' title='bbox 1165 630 1259 672; x_wconf 80' lang='lat' dir='ltr'>dica</span> <span class='ocrx_word' id='word_1_230' title='bbox 1309 629 1589 686; x_wconf 73' lang='lat' dir='ltr'>praeceptori.</span> <span class='ocrx_word' id='word_1_231' title='bbox 1660 629 1815 685; x_wconf 88' lang='lat' dir='ltr'>scribe,</span> <span class='ocrx_word' id='word_1_232' title='bbox 1860 628 1969 685; x_wconf 90' lang='lat' dir='ltr'>lege,</span> 
     </span>
     <span class='ocr_line' id='line_1_54' title="bbox 1166 701 1969 758; baseline -0.002 -15"><span class='ocrx_word' id='word_1_233' title='bbox 1166 705 1385 757; x_wconf 88' lang='lat' dir='ltr'>computa,</span> <span class='ocrx_word' id='word_1_234' title='bbox 1431 702 1484 743; x_wconf 90' lang='lat' dir='ltr'>ad</span> <span class='ocrx_word' id='word_1_235' title='bbox 1522 704 1708 743; x_wconf 87' lang='lat' dir='ltr'>aetatem</span> <span class='ocrx_word' id='word_1_236' title='bbox 1747 701 1969 758; x_wconf 87' lang='lat' dir='ltr'>uigentem</span> 
     </span>
     <span class='ocr_line' id='line_1_55' title="bbox 1163 773 1968 829; baseline -0.002 -14"><span class='ocrx_word' id='word_1_237' title='bbox 1163 774 1392 829; x_wconf 88' lang='lat' dir='ltr'>peruenias</span> <span class='ocrx_word' id='word_1_238' title='bbox 1431 778 1473 815; x_wconf 92' lang='lat' dir='ltr'>et</span> <span class='ocrx_word' id='word_1_239' title='bbox 1511 773 1676 829; x_wconf 90' lang='lat' dir='ltr'>peritus</span> <span class='ocrx_word' id='word_1_240' title='bbox 1716 776 1758 814; x_wconf 89' lang='lat' dir='ltr'>et</span> <span class='ocrx_word' id='word_1_241' title='bbox 1795 773 1968 828; x_wconf 83' lang='lat' dir='ltr'>probus.</span> 
     </span>
     <span class='ocr_line' id='line_1_56' title="bbox 1166 845 1770 901; baseline -0.002 -14"><span class='ocrx_word' id='word_1_242' title='bbox 1166 846 1220 887; x_wconf 90' lang='lat' dir='ltr'>ad</span> <span class='ocrx_word' id='word_1_243' title='bbox 1251 846 1368 900; x_wconf 88' lang='lat' dir='ltr'>haec,</span> <span class='ocrx_word' id='word_1_244' title='bbox 1400 860 1518 901; x_wconf 89' lang='lat' dir='ltr'>puer,</span> <span class='ocrx_word' id='word_1_245' title='bbox 1550 845 1770 901; x_wconf 80' lang='lat' dir='ltr'>responde.</span> 
     </span>
    </p>
   </div>
   <div class='ocr_carea' id='block_1_17' title="bbox 1138 1061 1972 1117">
    <p class='ocr_par' dir='ltr' id='par_1_18' title="bbox 1138 1061 1972 1117">
     <span class='ocr_line' id='line_1_57' title="bbox 1138 1061 1972 1117; baseline 0 -14"><span class='ocrx_word' id='word_1_246' title='bbox 1138 1097 1145 1103; x_wconf 94' lang='lat'>.</span> <span class='ocrx_word' id='word_1_247' title='bbox 1190 1061 1319 1103; x_wconf 85' lang='lat' dir='ltr'>Pater</span> <span class='ocrx_word' id='word_1_248' title='bbox 1363 1061 1599 1115; x_wconf 79' lang='lat' dir='ltr'>carissime,</span> <span class='ocrx_word' id='word_1_249' title='bbox 1643 1061 1814 1117; x_wconf 80' lang='lat' dir='ltr'>percipe</span> <span class='ocrx_word' id='word_1_250' title='bbox 1853 1076 1972 1103; x_wconf 91' lang='lat' dir='ltr'>meos</span> 
     </span>
    </p>
   </div>
   <div class='ocr_carea' id='block_1_18' title="bbox 1167 1133 1975 1767">
    <p class='ocr_par' dir='ltr' id='par_1_19' title="bbox 1167 1133 1973 1478">
     <span class='ocr_line' id='line_1_58' title="bbox 1167 1133 1971 1176; baseline -0.001 -1"><span class='ocrx_word' id='word_1_251' title='bbox 1167 1149 1398 1176; x_wconf 76' lang='lat' dir='ltr'>sermones.</span> <span class='ocrx_word' id='word_1_252' title='bbox 1463 1133 1607 1174; x_wconf 76' lang='lat' dir='ltr'>audiui</span> <span class='ocrx_word' id='word_1_253' title='bbox 1654 1133 1798 1174; x_wconf 86' lang='lat' dir='ltr'>omnia</span> <span class='ocrx_word' id='word_1_254' title='bbox 1846 1136 1888 1174; x_wconf 91' lang='lat' dir='ltr'>et</span> <span class='ocrx_word' id='word_1_255' title='bbox 1927 1133 1971 1174; x_wconf 91' lang='lat' dir='ltr'>in</span> 
     </span>
     <span class='ocr_line' id='line_1_59' title="bbox 1168 1205 1971 1261; baseline -0.002 -13"><span class='ocrx_word' id='word_1_256' title='bbox 1168 1206 1420 1248; x_wconf 83' lang='lat' dir='ltr'>memoriam</span> <span class='ocrx_word' id='word_1_257' title='bbox 1448 1205 1629 1247; x_wconf 84' lang='lat' dir='ltr'>condidi.</span> <span class='ocrx_word' id='word_1_258' title='bbox 1684 1205 1848 1261; x_wconf 77' lang='lat' dir='ltr'>gratias</span> <span class='ocrx_word' id='word_1_259' title='bbox 1876 1220 1971 1246; x_wconf 89' lang='lat' dir='ltr'>con-</span> 
     </span>
     <span class='ocr_line' id='line_1_60' title="bbox 1168 1277 1973 1333; baseline -0.004 -13"><span class='ocrx_word' id='word_1_260' title='bbox 1168 1279 1294 1320; x_wconf 87' lang='lat' dir='ltr'>fiteor</span> <span class='ocrx_word' id='word_1_261' title='bbox 1333 1277 1544 1319; x_wconf 76' lang='lat' dir='ltr'>maximas</span> <span class='ocrx_word' id='word_1_262' title='bbox 1583 1277 1695 1332; x_wconf 90' lang='lat' dir='ltr'>apud</span> <span class='ocrx_word' id='word_1_263' title='bbox 1741 1277 1886 1333; x_wconf 89' lang='lat' dir='ltr'>deum,</span> <span class='ocrx_word' id='word_1_264' title='bbox 1932 1280 1973 1318; x_wconf 87' lang='lat' dir='ltr'>et</span> 
     </span>
     <span class='ocr_line' id='line_1_61' title="bbox 1169 1349 1973 1404; baseline -0.001 -12"><span class='ocrx_word' id='word_1_265' title='bbox 1169 1350 1295 1392; x_wconf 86' lang='lat' dir='ltr'>doces</span> <span class='ocrx_word' id='word_1_266' title='bbox 1341 1353 1382 1391; x_wconf 92' lang='lat' dir='ltr'>et</span> <span class='ocrx_word' id='word_1_267' title='bbox 1423 1349 1621 1404; x_wconf 84' lang='lat' dir='ltr'>inpendis</span> <span class='ocrx_word' id='word_1_268' title='bbox 1661 1367 1682 1387; x_wconf 62' lang='grc' dir='ltr'>»ι</span> <span class='ocrx_word' id='word_1_269' title='bbox 1717 1366 1735 1387; x_wconf 77' lang='lat'>*</span> <span class='ocrx_word' id='word_1_270' title='bbox 1771 1366 1790 1388; x_wconf 77' lang='lat'>*</span> <span class='ocrx_word' id='word_1_271' title='bbox 1833 1352 1875 1391; x_wconf 90' lang='lat' dir='ltr'>et</span> <span class='ocrx_word' id='word_1_272' title='bbox 1914 1349 1973 1391; x_wconf 86' lang='lat' dir='ltr'>in-</span> 
     </span>
     <span class='ocr_line' id='line_1_62' title="bbox 1169 1422 1682 1478; baseline -0.002 -15"><span class='ocrx_word' id='word_1_273' title='bbox 1169 1422 1381 1478; x_wconf 89' lang='lat' dir='ltr'>tellegens</span> <span class='ocrx_word' id='word_1_274' title='bbox 1414 1422 1545 1463; x_wconf 76' lang='lat' dir='ltr'>homo</span> <span class='ocrx_word' id='word_1_275' title='bbox 1579 1436 1682 1462; x_wconf 85' lang='lat' dir='ltr'>esse.</span> 
     </span>
    </p>

    <p class='ocr_par' dir='ltr' id='par_1_20' title="bbox 1168 1493 1975 1767">
     <span class='ocr_line' id='line_1_63' title="bbox 1548 1493 1974 1548; baseline 0.002 -14"><span class='ocrx_word' id='word_1_276' title='bbox 1548 1493 1651 1548; x_wconf 89' lang='lat' dir='ltr'>quid</span> <span class='ocrx_word' id='word_1_277' title='bbox 1684 1493 1834 1535; x_wconf 76' lang='lat' dir='ltr'>sedes?</span> <span class='ocrx_word' id='word_1_278' title='bbox 1870 1493 1974 1535; x_wconf 91' lang='lat' dir='ltr'>tolle</span> 
     </span>
     <span class='ocr_line' id='line_1_64' title="bbox 1170 1564 1974 1619; baseline -0.004 -10"><span class='ocrx_word' id='word_1_279' title='bbox 1170 1582 1318 1609; x_wconf 80' lang='lat' dir='ltr'>omnes</span> <span class='ocrx_word' id='word_1_280' title='bbox 1362 1566 1497 1608; x_wconf 87' lang='lat' dir='ltr'>libros</span> <span class='ocrx_word' id='word_1_281' title='bbox 1543 1564 1721 1619; x_wconf 86' lang='lat' dir='ltr'>latinos,</span> <span class='ocrx_word' id='word_1_282' title='bbox 1766 1566 1974 1607; x_wconf 87' lang='lat' dir='ltr'>membra—</span> 
     </span>
     <span class='ocr_line' id='line_1_65' title="bbox 1168 1637 1975 1695; baseline -0.002 -15"><span class='ocrx_word' id='word_1_283' title='bbox 1168 1654 1245 1681; x_wconf 85' lang='lat' dir='ltr'>nas</span> <span class='ocrx_word' id='word_1_284' title='bbox 1279 1643 1321 1680; x_wconf 90' lang='lat' dir='ltr'>et</span> <span class='ocrx_word' id='word_1_285' title='bbox 1353 1638 1590 1695; x_wconf 83' lang='lat' dir='ltr'>pugillares</span> <span class='ocrx_word' id='word_1_286' title='bbox 1624 1640 1665 1679; x_wconf 92' lang='lat' dir='ltr'>et</span> <span class='ocrx_word' id='word_1_287' title='bbox 1699 1637 1900 1679; x_wconf 87' lang='lat' dir='ltr'>locellum</span> <span class='ocrx_word' id='word_1_288' title='bbox 1933 1641 1975 1679; x_wconf 88' lang='lat' dir='ltr'>et</span> 
     </span>
     <span class='ocr_line' id='line_1_66' title="bbox 1170 1711 1974 1767; baseline -0.002 -14"><span class='ocrx_word' id='word_1_289' title='bbox 1170 1711 1437 1767; x_wconf 86' lang='lat' dir='ltr'>praeductal,</span> <span class='ocrx_word' id='word_1_290' title='bbox 1476 1712 1766 1751; x_wconf 87' lang='lat' dir='ltr'>atramentum</span> <span class='ocrx_word' id='word_1_291' title='bbox 1806 1713 1848 1751; x_wconf 91' lang='lat' dir='ltr'>et</span> <span class='ocrx_word' id='word_1_292' title='bbox 1881 1724 1974 1751; x_wconf 87' lang='lat' dir='ltr'>can-</span> 
     </span>
    </p>
   </div>
   <div class='ocr_carea' id='block_1_19' title="bbox 1170 1783 1751 1837">
    <p class='ocr_par' dir='ltr' id='par_1_21' title="bbox 1170 1783 1751 1837">
     <span class='ocr_line' id='line_1_67' title="bbox 1170 1783 1751 1837; baseline -0.005 -11"><span class='ocrx_word' id='word_1_293' title='bbox 1170 1800 1258 1826; x_wconf 82' lang='lat' dir='ltr'>nas.</span> <span class='ocrx_word' id='word_1_294' title='bbox 1312 1798 1470 1837; x_wconf 88' lang='lat' dir='ltr'>eamus,</span> <span class='ocrx_word' id='word_1_295' title='bbox 1504 1783 1751 1825; x_wconf 86' lang='lat' dir='ltr'>salutemus.</span> 
     </span>
    </p>
   </div>
   <div class='ocr_carea' id='block_1_20' title="bbox 1171 1914 1976 2346">
    <p class='ocr_par' dir='ltr' id='par_1_22' title="bbox 1171 1914 1976 2346">
     <span class='ocr_line' id='line_1_68' title="bbox 1194 1914 1975 1983; baseline -0.003 -13"><span class='ocrx_word' id='word_1_296' title='bbox 1194 1929 1308 1983; x_wconf 88' lang='lat' dir='ltr'>Aue,</span> <span class='ocrx_word' id='word_1_297' title='bbox 1346 1927 1518 1970; x_wconf 87' lang='lat' dir='ltr'>domine</span> <span class='ocrx_word' id='word_1_298' title='bbox 1556 1914 1828 1983; x_wconf 83' lang='lat' dir='ltr'>praeceptor,</span> <span class='ocrx_word' id='word_1_299' title='bbox 1867 1926 1975 1969; x_wconf 87' lang='lat' dir='ltr'>bene</span> 
     </span>
     <span class='ocr_line' id='line_1_69' title="bbox 1172 1999 1974 2041; baseline 0 0"><span class='ocrx_word' id='word_1_300' title='bbox 1172 2000 1250 2041; x_wconf 86' lang='lat' dir='ltr'>tibi</span> <span class='ocrx_word' id='word_1_301' title='bbox 1287 2000 1354 2041; x_wconf 89' lang='lat' dir='ltr'>sit.</span> <span class='ocrx_word' id='word_1_302' title='bbox 1418 2000 1472 2041; x_wconf 86' lang='lat' dir='ltr'>ab</span> <span class='ocrx_word' id='word_1_303' title='bbox 1505 1999 1632 2041; x_wconf 89' lang='lat' dir='ltr'>hodie</span> <span class='ocrx_word' id='word_1_304' title='bbox 1664 1999 1836 2041; x_wconf 87' lang='lat' dir='ltr'>studere</span> <span class='ocrx_word' id='word_1_305' title='bbox 1864 1999 1974 2041; x_wconf 93' lang='lat' dir='ltr'>uolo.</span> 
     </span>
     <span class='ocr_line' id='line_1_70' title="bbox 1172 2062 1975 2129; baseline -0.004 -14"><span class='ocrx_word' id='word_1_306' title='bbox 1172 2088 1279 2129; x_wconf 89' lang='lat' dir='ltr'>rogo</span> <span class='ocrx_word' id='word_1_307' title='bbox 1313 2076 1355 2114; x_wconf 90' lang='lat' dir='ltr'>te</span> <span class='ocrx_word' id='word_1_308' title='bbox 1395 2062 1518 2128; x_wconf 81' lang='lat' dir='ltr'>ergo,</span> <span class='ocrx_word' id='word_1_309' title='bbox 1550 2071 1683 2126; x_wconf 81' lang='lat' dir='ltr'>&lt;doce</span> <span class='ocrx_word' id='word_1_310' title='bbox 1717 2072 1814 2125; x_wconf 89' lang='lat' dir='ltr'>me&gt;</span> <span class='ocrx_word' id='word_1_311' title='bbox 1842 2071 1975 2113; x_wconf 88' lang='lat' dir='ltr'>latine</span> 
     </span>
     <span class='ocr_line' id='line_1_71' title="bbox 1171 2143 1975 2200; baseline -0.002 -13"><span class='ocrx_word' id='word_1_312' title='bbox 1171 2144 1301 2200; x_wconf 90' lang='lat' dir='ltr'>loqui.</span> <span class='ocrx_word' id='word_1_313' title='bbox 1347 2144 1492 2186; x_wconf 90' lang='lat' dir='ltr'>Doceo</span> <span class='ocrx_word' id='word_1_314' title='bbox 1519 2147 1575 2199; x_wconf 89' lang='lat' dir='ltr'>te,</span> <span class='ocrx_word' id='word_1_315' title='bbox 1609 2143 1643 2185; x_wconf 89' lang='lat' dir='ltr'>si</span> <span class='ocrx_word' id='word_1_316' title='bbox 1672 2158 1739 2185; x_wconf 91' lang='lat' dir='ltr'>me</span> <span class='ocrx_word' id='word_1_317' title='bbox 1767 2143 1975 2185; x_wconf 86' lang='lat' dir='ltr'>attendas.</span> 
     </span>
     <span class='ocr_line' id='line_1_72' title="bbox 1171 2215 1976 2271; baseline -0.002 -12"><span class='ocrx_word' id='word_1_318' title='bbox 1171 2217 1302 2271; x_wconf 87' lang='lat' dir='ltr'>Ecce,</span> <span class='ocrx_word' id='word_1_319' title='bbox 1335 2217 1522 2259; x_wconf 87' lang='lat' dir='ltr'>attendo.</span> <span class='ocrx_word' id='word_1_320' title='bbox 1581 2216 1697 2258; x_wconf 84' lang='lat' dir='ltr'>Bene</span> <span class='ocrx_word' id='word_1_321' title='bbox 1731 2215 1896 2271; x_wconf 83' lang='lat' dir='ltr'>dixisti,</span> <span class='ocrx_word' id='word_1_322' title='bbox 1929 2218 1976 2257; x_wconf 91' lang='lat' dir='ltr'>ut</span> 
     </span>
     <span class='ocr_line' id='line_1_73' title="bbox 1173 2288 1807 2346; baseline -0.003 -15"><span class='ocrx_word' id='word_1_323' title='bbox 1173 2289 1294 2332; x_wconf 89' lang='lat' dir='ltr'>decet</span> <span class='ocrx_word' id='word_1_324' title='bbox 1327 2288 1643 2346; x_wconf 84' lang='lat' dir='ltr'>ingenuitatem</span> <span class='ocrx_word' id='word_1_325' title='bbox 1677 2292 1807 2330; x_wconf 86' lang='lat' dir='ltr'>tuam.</span> 
     </span>
    </p>
   </div>
   <div class='ocr_carea' id='block_1_21' title="bbox 1174 2432 1978 2765">
    <p class='ocr_par' dir='ltr' id='par_1_23' title="bbox 1174 2432 1978 2765">
     <span class='ocr_line' id='line_1_74' title="bbox 1185 2432 1975 2491; baseline -0.004 -15"><span class='ocrx_word' id='word_1_326' title='bbox 1185 2433 1365 2491; x_wconf 84' lang='lat' dir='ltr'>Porrige</span> <span class='ocrx_word' id='word_1_327' title='bbox 1416 2432 1542 2487; x_wconf 90' lang='lat' dir='ltr'>mihi,</span> <span class='ocrx_word' id='word_1_328' title='bbox 1591 2447 1717 2488; x_wconf 90' lang='lat' dir='ltr'>puer,</span> <span class='ocrx_word' id='word_1_329' title='bbox 1767 2432 1975 2474; x_wconf 86' lang='lat' dir='ltr'>manuale.</span> 
     </span>
     <span class='ocr_line' id='line_1_75' title="bbox 1174 2503 1976 2562; baseline -0.004 -14"><span class='ocrx_word' id='word_1_330' title='bbox 1174 2506 1259 2549; x_wconf 87' lang='lat' dir='ltr'>cito</span> <span class='ocrx_word' id='word_1_331' title='bbox 1306 2521 1409 2562; x_wconf 90' lang='lat' dir='ltr'>ergo</span> <span class='ocrx_word' id='word_1_332' title='bbox 1463 2504 1636 2561; x_wconf 79' lang='lat' dir='ltr'>porrige</span> <span class='ocrx_word' id='word_1_333' title='bbox 1686 2503 1887 2559; x_wconf 87' lang='lat' dir='ltr'>librum,&#39;</span> <span class='ocrx_word' id='word_1_334' title='bbox 1915 2519 1976 2546; x_wconf 90' lang='lat' dir='ltr'>re-</span> 
     </span>
     <span class='ocr_line' id='line_1_76' title="bbox 1174 2576 1978 2634; baseline -0.004 -13"><span class='ocrx_word' id='word_1_335' title='bbox 1174 2579 1322 2633; x_wconf 80' lang='lat' dir='ltr'>uolue,</span> <span class='ocrx_word' id='word_1_336' title='bbox 1359 2578 1455 2634; x_wconf 92' lang='lat' dir='ltr'>lege</span> <span class='ocrx_word' id='word_1_337' title='bbox 1490 2592 1587 2619; x_wconf 86' lang='lat' dir='ltr'>cum</span> <span class='ocrx_word' id='word_1_338' title='bbox 1614 2591 1738 2632; x_wconf 85' lang='lat' dir='ltr'>uoce,</span> <span class='ocrx_word' id='word_1_339' title='bbox 1770 2576 1890 2632; x_wconf 90' lang='lat' dir='ltr'>aperi</span> <span class='ocrx_word' id='word_1_340' title='bbox 1919 2591 1978 2631; x_wconf 90' lang='lat' dir='ltr'>os,</span> 
     </span>
     <span class='ocr_line' id='line_1_77' title="bbox 1174 2648 1978 2707; baseline -0.005 -14"><span class='ocrx_word' id='word_1_341' title='bbox 1174 2653 1386 2707; x_wconf 89' lang='lat' dir='ltr'>computa.</span> <span class='ocrx_word' id='word_1_342' title='bbox 1439 2649 1566 2691; x_wconf 92' lang='lat' dir='ltr'>modo</span> <span class='ocrx_word' id='word_1_343' title='bbox 1595 2649 1703 2690; x_wconf 91' lang='lat' dir='ltr'>bene</span> <span class='ocrx_word' id='word_1_344' title='bbox 1730 2648 1797 2690; x_wconf 84' lang='lat' dir='ltr'>fac</span> <span class='ocrx_word' id='word_1_345' title='bbox 1823 2648 1978 2702; x_wconf 90' lang='lat' dir='ltr'>locum,</span> 
     </span>
     <span class='ocr_line' id='line_1_78' title="bbox 1174 2721 1672 2765; baseline -0.006 0"><span class='ocrx_word' id='word_1_346' title='bbox 1174 2726 1223 2765; x_wconf 87' lang='lat' dir='ltr'>ut</span> <span class='ocrx_word' id='word_1_347' title='bbox 1255 2722 1417 2765; x_wconf 77' lang='lat' dir='ltr'>scribas</span> <span class='ocrx_word' id='word_1_348' title='bbox 1451 2721 1672 2763; x_wconf 87' lang='lat' dir='ltr'>dictatum.</span> 
     </span>
    </p>
   </div>
   <div class='ocr_carea' id='block_1_22' title="bbox 1172 2863 1979 3212">
    <p class='ocr_par' dir='ltr' id='par_1_24' title="bbox 1172 2863 1979 3212">
     <span class='ocr_line' id='line_1_79' title="bbox 1186 2863 1977 2909; baseline -0.005 0"><span class='ocrx_word' id='word_1_349' title='bbox 1186 2865 1429 2909; x_wconf 83' lang='lat' dir='ltr'>Mercedem</span> <span class='ocrx_word' id='word_1_350' title='bbox 1457 2880 1545 2907; x_wconf 92' lang='lat' dir='ltr'>non</span> <span class='ocrx_word' id='word_1_351' title='bbox 1578 2864 1795 2907; x_wconf 80' lang='lat' dir='ltr'>attulisti?</span> <span class='ocrx_word' id='word_1_352' title='bbox 1833 2863 1977 2906; x_wconf 88' lang='lat' dir='ltr'>Petiui</span> 
     </span>
     <span class='ocr_line' id='line_1_80' title="bbox 1172 2937 1977 2995; baseline -0.004 -15"><span class='ocrx_word' id='word_1_353' title='bbox 1172 2942 1341 2995; x_wconf 88' lang='lat' dir='ltr'>patrem</span> <span class='ocrx_word' id='word_1_354' title='bbox 1387 2941 1429 2980; x_wconf 89' lang='lat' dir='ltr'>et</span> <span class='ocrx_word' id='word_1_355' title='bbox 1474 2937 1600 2979; x_wconf 84' lang='lat' dir='ltr'>dixit:</span> <span class='ocrx_word' id='word_1_356' title='bbox 1647 2952 1727 2994; x_wconf 90' lang='lat' dir='ltr'>ego</span> <span class='ocrx_word' id='word_1_357' title='bbox 1774 2937 1864 2993; x_wconf 86' lang='lat' dir='ltr'>ipse</span> <span class='ocrx_word' id='word_1_358' title='bbox 1908 2950 1977 2977; x_wconf 91' lang='lat' dir='ltr'>ue-</span> 
     </span>
     <span class='ocr_line' id='line_1_81' title="bbox 1172 3007 1979 3053; baseline -0.006 0"><span class='ocrx_word' id='word_1_359' title='bbox 1172 3011 1290 3053; x_wconf 88' lang='lat' dir='ltr'>niam</span> <span class='ocrx_word' id='word_1_360' title='bbox 1340 3010 1402 3052; x_wconf 91' lang='lat' dir='ltr'>ibi</span> <span class='ocrx_word' id='word_1_361' title='bbox 1457 3009 1641 3052; x_wconf 88' lang='lat' dir='ltr'>nouiter.</span> <span class='ocrx_word' id='word_1_362' title='bbox 1712 3008 1811 3051; x_wconf 92' lang='lat' dir='ltr'>uolo</span> <span class='ocrx_word' id='word_1_363' title='bbox 1863 3007 1979 3049; x_wconf 86' lang='lat' dir='ltr'>enim</span> 
     </span>
     <span class='ocr_line' id='line_1_82' title="bbox 1174 3078 1978 3139; baseline -0.005 -14"><span class='ocrx_word' id='word_1_364' title='bbox 1174 3086 1216 3125; x_wconf 85' lang='lat' dir='ltr'>et</span> <span class='ocrx_word' id='word_1_365' title='bbox 1250 3082 1593 3139; x_wconf 84' lang='lat' dir='ltr'>experimentum</span> <span class='ocrx_word' id='word_1_366' title='bbox 1628 3081 1831 3136; x_wconf 88' lang='lat' dir='ltr'>accipere.</span> <span class='ocrx_word' id='word_1_367' title='bbox 1881 3078 1978 3136; x_wconf 86' lang='lat' dir='ltr'>Age</span> 
     </span>
     <span class='ocr_line' id='line_1_83' title="bbox 1173 3151 1978 3212; baseline -0.002 -15"><span class='ocrx_word' id='word_1_368' title='bbox 1173 3170 1277 3212; x_wconf 87' lang='lat' dir='ltr'>ergo</span> <span class='ocrx_word' id='word_1_369' title='bbox 1317 3154 1567 3212; x_wconf 81' lang='lat' dir='ltr'>diligenter,</span> <span class='ocrx_word' id='word_1_370' title='bbox 1607 3157 1655 3196; x_wconf 92' lang='lat' dir='ltr'>ut</span> <span class='ocrx_word' id='word_1_371' title='bbox 1693 3155 1869 3209; x_wconf 88' lang='lat' dir='ltr'>paratus</span> <span class='ocrx_word' id='word_1_372' title='bbox 1908 3151 1978 3195; x_wconf 89' lang='lat' dir='ltr'>sis.</span> 
     </span>
    </p>
   </div>
  </div>
 </body>
</html>
