2164 3470
937 173 1210 209 PRAEFATIO
1897 174 1947 208 IX

199 282 272 337 qui
317 298 342 324 a
386 285 475 325 este
515 283 614 324 chez
653 282 873 324 Monsieur
911 282 1065 337 Cujas’.
1127 282 1283 324 Postea
1324 281 1601 324 Goldastus
1639 298 1689 324 ex
1729 298 1778 324 eo
1817 283 1950 324 edidit

199 354 498 397 Sententias
518 354 636 395 Divi
657 354 924 408 Hadriani,
952 369 1035 408 quo
1063 354 1114 396 de
1140 353 1252 396 infra
1277 354 1491 410 agendum
1511 353 1603 395 erit.
1649 353 1948 395 Goldastum

199 427 367 482 excepit
386 425 724 479 Niebuhrius,
751 425 870 466 cuius
897 426 1145 481 apographo
1167 441 1270 468 usus
1290 428 1356 467 est
1375 425 1733 482 Boeckingius.
1778 424 1948 467 Novum

201 497 479 554 apographon
518 496 805 551 capitulorum
844 496 1027 538 confecit
1064 497 1496 552 Krumbacherus3
1535 512 1615 554 ego
1658 500 1700 538 et
1739 497 1821 538 hoc
1853 511 1948 551 apo—

199 568 396 624 graphon
428 570 470 610 et
502 567 643 623 ipsum
676 567 865 609 codicem
896 567 940 609 in
973 571 1180 623 apparatu
1207 569 1499 624 componendo
1527 568 1720 610 adhibui:
1752 568 1949 624 plagulas

202 640 340 682 denuo
373 655 470 682 cum
502 639 595 695 ipso
628 639 772 681 codice
804 638 978 680 contuli.

318 711 482 753 Eadem
525 711 613 753 fere
657 711 1040 752 hermeneumaton
1084 725 1182 765 pars
1221 710 1296 767 (Ξ
1328 727 1367 766 p.
1404 713 1476 766 10,
1509 713 1684 766 5-40,
1717 709 1764 767 6)
1803 714 1867 752 est
1906 711 1950 752 in

199 782 342 825 codice
368 782 648 824 Harleiano
676 784 793 825 5642
819 782 1144 824 membranaceo
1172 781 1374 823 foliorum
1395 785 1448 824 47
1479 783 1635 825 saeculi
1661 782 1700 824 X
1722 781 1796 839 (b),
1823 797 1949 837 quem

195 854 360 909 primus
381 854 569 910 inspexit
588 854 893 896 Franciscus
914 854 1080 896 Ruehl
1102 854 1172 910 lssf·
1195 853 1459 895 Fleckeiseni
1481 854 1634 896 Annal.
1657 854 1872 909 Supplem.
1888 853 1951 895 VI

196 940 230 966 a.
262 927 376 968 1872
401 943 440 982 p.
471 928 525 969 14
552 928 594 968 et
620 925 811 968 Loewii
837 926 983 968 Prodr.
1010 942 1048 981 p.
1077 923 1196 981 207),
1228 928 1378 980 postea
1404 925 1722 967 accuratissime
1749 925 1951 966 tractavit

195 997 609 1041 Krumbacherus
650 1013 746 1040 cum
785 998 829 1040 in
860 998 983 1040 Actis
1015 998 1128 1040 acad.
1162 1013 1249 1053 reg.
1283 997 1423 1039 bavar.
1460 998 1573 1039 1883
1606 997 1649 1038 Π
1682 1013 1721 1052 p.
1757 998 1840 1039 193
1862 1012 1950 1052 sqq.

196 1071 290 1110 tum
327 1069 436 1111 Mus.
476 1070 611 1112 Rhen.
651 1073 752 1112 tom.
787 1072 842 1113 39
876 1069 930 1127 (a.
967 1068 1101 1127 1884)
1133 1085 1172 1125 p.
1206 1070 1292 1112 348
1316 1084 1405 1124 sqq.
1469 1069 1549 1119 Qui
1588 1069 1720 1110 codex
1760 1068 1951 1110 continet

184 1139 300 1182 ‚haec
342 1140 424 1182 hoc
471 1141 636 1183 ordine:
684 1144 726 1187 1)
761 1142 832 1184 fol.
869 1143 1013 1183 1s—4r
1058 1140 1315 1197 glossarium
1355 1140 1707 1196 coniugationum
1746 1139 1952 1194 exemplis

194 1212 420 1267 refertum,
470 1213 590 1255 cuius
634 1214 715 1255 hoc
761 1217 825 1255 est
870 1213 1060 1255 initium:
1104 1214 1263 1267 Incipit
1305 1214 1352 1255 de
1389 1217 1549 1255 oratore
1585 1214 1587 1267 Ι
1622 1226 1829 1254 mcmzcme
1858 1213 1861 1264 Ι
1889 1226 1952 1253 me

194 1288 324 1326 auton
363 1286 533 1327 memini
570 1299 633 1327 me
663 1287 800 1339 ipsum
829 1286 833 1339 Ι
861 1285 1018 1339 keopete
1049 1288 1086 1326 cl
1116 1285 1343 1338 aliquando
1372 1284 1375 1339 Ι
1405 1285 1489 1326 tria
1519 1284 1646 1326 biblia
1679 1286 1758 1325 tres
1791 1283 1915 1326 libros
1945 1283 1946 1339 Ι

195 1359 279 1398 tuto
320 1359 445 1410 prola
487 1356 635 1399 horam
673 1358 835 1411 priores
864 1357 867 1410 Ι
896 1357 1066 1398 lcalistos
1110 1357 1257 1410 optime
1287 1357 1290 1410 Ι
1318 1356 1365 1398 le
1402 1356 1591 1410 epimelos
1628 1359 1665 1397 el
1701 1355 1914 1409 diliyeizler
1943 1353 1947 1410 Ι

193 1427 478 1470 ermeneukota
520 1429 834 1483 inteipretatum
864 1430 867 1482 Ι
897 1429 1142 1482 allepideoro
1185 1428 1256 1470 sed
1299 1428 1496 1481 quoniam
1534 1428 1651 1469 uideo
1681 1428 1684 1481 Ι
1714 1427 1830 1469 enias
1867 1440 1951 1480 epe-

193 1502 348 1541 mmtas
379 1500 578 1553 quosdam
610 1501 826 1543 laudantes
856 1501 858 1554 Ι
887 1500 934 1542 lce
964 1499 1261 1553 epitliimmilas
1292 1503 1330 1541 et
1359 1500 1562 1553 cupientes
1591 1500 1595 1553 Ι
1625 1500 1780 1540 rimata
1807 1501 1953 1541 auecta

192 1570 319 1613 uerba
351 1585 455 1624 quae
478 1573 692 1626 pertinent
720 1573 723 1626 Ι
747 1571 961 1626 protesken
993 1572 1050 1613 ad
1079 1574 1211 1613 artem
1241 1572 1244 1625 Ι
1269 1571 1573 1625 yrammatilceii
1601 1571 1922 1625 yrammaticam
1946 1568 1948 1625 Ι

193 1656 244 1685 cn
288 1646 373 1685 tato
418 1642 538 1685 biblio
582 1644 629 1685 in
672 1643 745 1685 lzoc
789 1644 892 1686 libro
922 1644 925 1697 Ι
947 1642 1163 1696 prosetelca
1200 1643 1331 1684 adieci
1360 1643 1363 1695 Ι
1392 1645 1517 1698 apotu
1546 1646 1674 1696 prola
1711 1656 1738 1683 a
1774 1643 1917 1695 prima
1946 1640 1948 1697 Ι

191 1718 449 1769 yrammalos
489 1715 623 1757 littera
654 1717 657 1769 Ι
687 1716 855 1757 mecriso
892 1728 1041 1768 usqzteo
1071 1715 1073 1767 Ι
1096 1728 1247 1767 prasso
1285 1728 1361 1768 ayo
1391 1714 1394 1767 Ι
1416 1715 1582 1768 prassis
1611 1714 1614 1767 Ι
1644 1727 1677 1754 e.
1705 1728 1742 1768 q.
1771 1728 1814 1767 s.,
1845 1712 1952 1754 kate-

191 1787 347 1840 yoresis
377 1787 590 1829 accusabis
618 1787 621 1840 Ι
652 1801 685 1828 e.
713 1801 751 1841 q.
780 1800 829 1840 5.,
857 1786 974 1839 pimo
1006 1785 1093 1827 bibo
1124 1786 1126 1838 Ι
1157 1799 1189 1826 e.
1217 1800 1254 1839 q.
1285 1800 1326 1839 s,
1359 1787 1406 1826 ut
1440 1784 1522 1826 alia
1554 1784 1734 1826 mittam.
1797 1784 1949 1825 Exem-

191 1857 365 1913 plorum
410 1857 551 1899 minor
595 1873 695 1913 pars
742 1857 929 1899 concinit
975 1872 1070 1898 cum
1116 1856 1326 1912 glossario
1365 1856 1581 1910 Leidensi,
1625 1855 1762 1897 maior
1807 1856 1859 1896 ab
1901 1869 1949 1896 eo

194 1929 427 1985 discrepat:
461 1944 568 1985 quae
596 1929 790 1985 exempla
817 1944 904 1971 non
932 1931 997 1970 est
1023 1943 1098 1969 cur
1123 1927 1239 1982 typis
1266 1931 1520 1983 repetamus.
1549 1953 1603 1957 —
1632 1925 1678 1984 2)
1705 1926 1776 1969 fol.
1803 1928 1951 1969 4r-—9r

191 2002 366 2044 nomina
397 2001 632 2043 masculina
659 2002 824 2054 primae
855 2001 1142 2043 declinationis
1173 2001 1395 2042 secundum
1426 2001 1472 2042 in
1505 2014 1524 2042 c
1555 2001 1782 2042 desinentia
1808 2013 1950 2051 κυριοε

193 2086 226 2114 e.
255 2087 293 2127 q.
321 2087 352 2114 s.
403 2072 478 2115 Da
507 2073 667 2115 similia
694 2074 914 2125 Μακαριοε
936 2106 945 2115 .
966 2105 975 2113 .
997 2105 1006 2114 .
1028 2106 1036 2114 .
1057 2086 1160 2124 γυνε
1192 2073 1341 2115 mulier
1366 2085 1565 2122 γυναιεοε
1591 2072 1777 2113 mulieris
1804 2085 1837 2112 e.
1859 2085 1897 2125 q.
1919 2086 1949 2112 s.

192 2143 361 2202 (eadem
401 2144 534 2186 codex
569 2142 862 2200 Sangallensis
893 2160 932 2199 p.
967 2144 1140 2186 61-68
1175 2143 1367 2185 exhibet:
1405 2158 1458 2184 ne
1491 2143 1596 2185 haec
1629 2142 1801 2198 quidem
1834 2156 1949 2197 repe—

192 2216 322 2258 tenda
359 2214 492 2272 duxi).
527 2242 581 2245 —
616 2217 661 2271 3)
699 2216 771 2258 fol.
812 2216 997 2259 9Υ--23Π
1034 2214 1203 2257 Dosith.
1242 2230 1281 2269 p.
1316 2216 1421 2270 376,
1451 2216 1643 2269 1-387,
1673 2216 1726 2257 13
1760 2214 1950 2271 (praeter

193 2288 292 2342 379,
318 2288 508 2343 9-380,
534 2286 599 2344 2),
632 2288 731 2343 392,
755 2289 946 2343 4-401,
975 2290 1018 2343 7,
1050 2288 1149 2342 402,
1177 2287 1364 2341 6-407,
1394 2288 1466 2341 13,
1502 2288 1602 2341 408,
1629 2287 1847 2341 25-411,
1877 2288 1949 2340 11,

193 2359 299 2413 412,
331 2359 527 2415 4-412,
560 2359 635 2414 28,
678 2360 787 2413 413,
825 2361 1046 2414 14-414,
1076 2360 1147 2414 13,
1191 2360 1297 2412 417,
1324 2358 1550 2412 27-418,
1577 2359 1650 2413 23,
1700 2359 1805 2412 424,
1835 2358 1946 2399 102

192 2431 298 2484 424,
327 2431 400 2485 12,
432 2431 541 2485 426,
571 2432 793 2485 12-427,
822 2432 874 2473 19
916 2430 977 2472 ed.
1017 2429 1126 2471 Keil.
1162 2455 1215 2458 —-
1249 2428 1297 2485 4)
1331 2429 1402 2471 fol.
1436 2430 1644 2471 241—29r
1679 2428 1948 2470 Pseudosith.

192 2517 231 2556 p.
258 2503 334 2557 26,
359 2502 555 2556 49-40,
586 2503 611 2545 6
656 2502 785 2544 huius
831 2501 1043 2544 editionis.
1079 2527 1133 2530 —
1168 2499 1214 2557 5)
1254 2501 1325 2542 fol.
1367 2502 1581 2543 291'--33u
1623 2500 1948 2542 Pseudodosith.

192 2588 231 2627 p.
262 2573 358 2628 108,
387 2574 572 2628 1-116,
602 2575 667 2615 18.
696 2600 750 2604 —
780 2572 826 2630 6)
858 2573 930 2615 fol.
959 2575 1031 2615 34ῚΓ
1058 2571 1256 2613 Dosithei
1283 2587 1321 2626 p.
1351 2572 1449 2627 379,
1476 2571 1663 2626 9-380,
1690 2573 1716 2613 2
1750 2571 1810 2612 ed.
1838 2571 1946 2612 Keil.

193 2644 265 2686 fol.
313 2645 392 2687 341¹
436 2644 694 2700 scripturam
740 2645 932 2687 continet
975 2643 1150 2685 nullam.
1197 2668 1251 2672 —
1294 2640 1339 2698 7)
1389 2642 1461 2685 fol.
1508 2643 1730 2685 35¹s—39u
1779 2642 1947 2684 Dosith.

191 2730 230 2770 p.
258 2716 358 2771 430,
386 2717 573 2772 1—436,
602 2718 667 2759 14.
690 2743 744 2746 -
767 2715 814 2774 8)
840 2716 913 2759 fol.
941 2716 1155 2758 3911—471
1180 2714 1506 2756 Pseudodosith.
1533 2730 1573 2769 p.
1603 2715 1669 2769 10,
1695 2714 1853 2768 5—26,
1879 2715 1946 2756 48.

193 2811 248 2815 —
288 2783 336 2841 9)
374 2785 446 2828 fol.
485 2788 565 2830 47¹²
607 2803 786 2843 preces
831 2801 984 2844 graeco
1030 2801 1225 2828 sermone
1252 2786 1548 2841 acompositas,
1598 2786 1649 2827 de
1695 2785 1851 2840 quibus
1896 2785 1945 2826 cf.

191 2856 610 2900 Krumbacherus
641 2858 749 2901 Mus.
784 2858 920 2901 Rhen.
953 2861 1055 2900 tom.
1089 2859 1144 2900 39
1179 2857 1234 2915 (a.
1271 2856 1405 2914 1884)
1436 2874 1475 2913 p.
1504 2858 1602 2900 358.
1665 2856 1776 2898 Miro
1813 2856 1947 2912 igitur

192 2928 319 2970 modo
359 2928 530 2985 singula
567 2930 747 2972 confusa
785 2934 913 2986 atque
952 2930 1129 2972 disiecta
1165 2945 1255 2972 esse
1289 2932 1477 2985 apparet.
1512 2955 1566 2959 -—
1601 2928 1802 2970 Ceterum
1833 2928 1946 2969 hunc

192 2999 382 3042 codicem
420 2999 465 3041 in
501 3001 707 3043 coenobio
743 3001 888 3044 Sancti
922 3001 1035 3044 Galli
1069 3000 1276 3055 scriptum
1310 3015 1403 3043 esse
1437 3015 1629 3042 summus
1662 2999 1774 3041 inter
1806 2999 1945 3054 ipsum

192 3073 234 3112 et
268 3070 592 3127 Sangallensem
630 3087 863 3115 consensus
901 3073 1042 3115 docet:
1080 3075 1225 3114 tamen
1263 3072 1348 3114 iam
1387 3075 1486 3114 ante
1525 3086 1683 3113 annum
1725 3071 1833 3112 1461
1875 3070 1943 3110 ab-

190 3142 327 3185 latum
365 3142 498 3185 fuisse
537 3143 759 3200 catalogus
797 3144 878 3186 hoc
911 3158 1021 3186 anno
1055 3142 1239 3198 scriptus
1273 3144 1461 3187 ostendit
1494 3143 1567 3199 qui
1600 3157 1732 3184 unum
1758 3143 1941 3182 tantum>
