2271 3505
279 178 366 220 656

339 290 594 340 ςυνήγορος,
627 285 819 338 νομικός,
855 282 1038 334 νομικός,
1072 296 1144 323 νο-

339 360 469 413 μικός,
502 358 686 411 νομικός,
723 352 1030 412 παράκλητος).

280 520 317 561 6.
352 517 589 569 ἸΞγκώμιον
617 514 799 565 ἔγραψα.
834 512 979 567 Τίνος,
1005 511 1147 563 Ζηνὸς

344 588 651 633 Καπιτωλίνου.
702 584 951 635 Ἀνάγνωθι.
990 609 1040 614 —-
1077 598 1146 635 με-

342 662 486 713 γάλως
508 660 644 702 εἶπας.
690 657 799 710 ἆρον
820 658 897 699 τὸν
919 658 1147 708 ςτέφανον.

342 734 484 776 οὐδείς
518 746 580 773 ςοι
615 731 840 781 ἀντιλέγει.

289 831 318 861 c.
353 818 483 861 Οἶδας
529 819 614 858 ποῦ
668 816 784 866 με’νει
824 813 848 855 ὁ
888 814 1017 866 φίλος
1056 827 1148 866 μου,

341 889 629 943 ἀρχαιότατος
662 886 803 942 <ἀπ>>
830 885 1148 938 ἀρχαιογονίας,

343 963 450 1015 ἀνὴρ
490 964 705 1012 γενναῖος.
769 959 961 1011 πρόλαβέ
999 973 1048 1010 με
1082 959 1150 999 καὶ

343 1039 477 1087 γνῶθι
523 1034 559 1076 εἰ
604 1033 734 1075 ἔνδον
780 1033 866 1074 ἐςτὶ
907 1032 974 1072 καὶ
1014 1030 1149 1072 ἀπάν-

343 1122 472 1161 τηςον
506 1106 611 1159 ἐμοί.

286 1195 324 1236 8.
358 1194 522 1235 Ζεῦξον
566 1191 642 1231 τὰς
682 1189 889 1244 ὁλκάδας,
932 1188 1153 1239 ἡμιοναγέ.

346 1266 414 1306 καὶ
472 1264 536 1315 ςύ,
595 1251 847 1314 ςτρατιώτα,
905 1262 1002 1303 ἐλθὲ
1060 1258 1154 1311 μετ’

346 1338 452 1389 ἐμοῦ
510 1336 569 1377 εἰς
620 1335 915 1387 Τιβουρτῖνον.
980 1331 1154 1383 ἄγωμεν

345 1410 467 1461 ἡμεῖς
509 1408 618 1459 πρὸς
657 1408 759 1448 τοὺς
793 1405 953 1447 ἄλλους
986 1404 1154 1456 φίλους.

287 1495 325 1536 9.
362 1495 512 1545 Χαῖρε,
545 1493 670 1543 κύριε.
725 1494 858 1542 χαῖρε,
892 1489 1025 1540 κυρία.
1079 1491 1151 1540 βα-

349 1569 481 1621 ςιλεῡ,
533 1568 668 1616 χαῖρε.
735 1563 960 1615 βαςίλιςςα,
1019 1563 1155 1612 χαῖρε.

348 1639 511 1681 Πόθων
568 1635 774 1690 <μῆτερ>,
836 1635 1022 1685 Θύγατερ
1080 1647 1154 1674 πε-

350 1711 512 1762 λάγους
533 1709 777 1762 Ἀφροδίτη.
805 1710 897 1749 πῶς
918 1707 971 1748 τὰ
992 1706 1158 1760 παιδία,

352 1785 491 1826 Ζῶςιν
525 1783 592 1824 καὶ
626 1783 767 1823 καλῶς
801 1780 983 1831 ἕχουςιν.

295 1870 359 1909 w.
392 1868 440 1910 ‘O
480 1868 622 1918 κριτὴς
661 1865 806 1917 ἦλθεν.
870 1863 1063 1915 ἐπράχθη
1107 1863 1156 1904 τὸ

353 1942 528 1992 πρᾶγμα
561 1939 628 1980 καὶ
661 1938 953 1989 νενικήκαμεν.
1009 1937 1155 1987 ἐπειδὴ

354 2012 432 2054 οὖν
471 2014 589 2066 καλῷ
629 2011 730 2052 ποδὶ
771 2011 981 2060 ςυνῆλθας
1016 2009 1075 2050 εἰς
1107 2009 1157 2049 τὸ

354 2083 528 2136 πρᾶγμά
574 2097 672 2134 μου,
718 2081 938 2133 δυνάμεθα
977 2083 1159 2132 ςήμερον

355 2157 440 2209 ἅμα
473 2155 697 2207 ἀριςτῆςαι.
763 2155 924 2205 ἐρωτῶ,
958 2154 1070 2196 ἐλθέ.

297 2243 362 2283 11.
397 2240 570 2292 Ἐπειδὴ
617 2239 772 2291 φίλους
818 2237 1018 2291 ἐκάλεςα,
1062 2237 1159 2279 ἐλθὲ

356 2314 464 2365 πρὸς
522 2313 594 2364 ἐμὲ
652 2312 719 2353 καὶ
776 2310 1002 2362 ἑτοίμαςον
1060 2309 1160 2360 ἡμῖν

356 2386 498 2427 πάντα
530 2385 583 2425 τὰ
609 2383 731 2436 χρεία
758 2382 865 2425 ὄντα
893 2383 951 2424 εἰς
979 2385 1159 2423 δεῖπνον

357 2459 424 2500 καὶ
479 2461 540 2512 τῷ
598 2456 786 2510 μαγείρῳ
842 2455 934 2497 εἰπὲ
985 2454 1057 2496 ἵνα
1108 2453 1161 2495 τὰ

359 2529 607 2581 προςφάγια
638 2530 781 2570 καλῶς
814 2526 982 2582 ἀρτύςῃ.

301 2604 366 2644 19..
400 2602 584 2644 Ἔλθατε
610 2599 706 2652 ὧδε,
728 2599 971 2642 ἐκτινάξατε
992 2600 1070 2650 τὴν
1091 2599 1161 2639 τύ-

360 2677 450 2725 λην,
473 2675 567 2716 Θέτε
588 2675 638 2715 τὸ
659 2671 1023 2724 προςκεφάλαιον,
1045 2685 1161 2722 περι-

364 2745 513 2798 βάλετε
547 2746 771 2797 ςτρώματα
803 2745 871 2786 καὶ
901 2743 1164 2796 περιβόλαια,

361 2818 562 2860 ἑλκύςατε
621 2817 768 2869 ςάρον,
827 2815 985 2868 ῥάνατε
1034 2815 1163 2867 ὕδωρ,

363 2890 575 2942 ςτρώςατε
620 2891 671 2930 τὸ
712 2889 960 2940 τρικλίνιον,
1007 2889 1164 2940 φέρετε

363 2963 415 3004 τὰ
453 2963 635 3014 ποτήρια
673 2962 741 3002 καὶ
779 2961 832 3002 τὰ
865 2960 1165 3012 ἀργυρώματα.

367 3035 425 3086 ςύ,
458 3032 698 3084 παιδάριον,
732 3031 840 3084 ἆρον
869 3035 946 3085 τὴν
975 3032 1166 3083 λάγυνον

364 3107 433 3148 καὶ
470 3105 669 3156 γόμωςον
701 3105 835 3156 ὕδωρ,
876 3105 1017 3156 ςχίςον
1050 3105 1166 3156 Ξύλα,

366 3177 609 3230 κατάμαξον
641 3178 719 3228 τὴν
751 3177 967 3228 τράπεζαν
999 3177 1068 3218 καὶ
1097 3177 1168 3219 θὲς

767 169 1083 214 COLLOQVIVM
1110 167 1616 205 MONTEPESSVLANVM

1244 280 1350 321 iuris
1372 279 1604 333 studiosus,
1625 277 1732 319 iuris
1751 276 1930 332 peritus,
1944 276 2052 318 iuris

1245 352 1487 406 consultus,
1530 350 1636 392 iuris
1677 349 1884 405 prudens,
1925 348 2053 390 aduo—

1246 422 1398 480 catus).

1186 510 1223 551 6.
1725 505 1886 548 Cuius?
1935 505 2055 548 Iouis

1246 580 1494 636 Capitolini.
1546 579 1674 635 Lege.
1710 605 1766 608 -—
1800 592 1957 635 magne
1997 577 2055 619 di-

1246 653 1360 695 xisti.

1257 509 1449 550 Laudem
1494 506 1658 562 scripsi.

1413 652 1519 694 tolle
1552 667 1767 694 coronam.
1813 665 1940 692 nemo
1973 649 2055 691 tibi

1247 724 1516 768 contradicit.

1189 813 1224 853 7.
1267 810 1359 852 Scis
1405 809 1479 850 ubi
1525 811 1671 850 manet
1715 807 1879 849 amicus
1923 822 2058 863 meus,

1250 881 1573 924 uetustissimus
1630 880 1685 921 ab
1743 879 1930 937 origine,
1991 879 2059 920 uir

1249 955 1387 997 fortis.
1442 953 1645 995 antecede
1685 968 1752 994 me
1793 955 1836 993 et
1874 951 1982 994 scito
2022 951 2058 993 si

1251 1028 1370 1069 intus
1403 1029 1468 1068 esi:
1501 1030 1544 1067 et
1578 1025 1708 1067 obuia
1740 1024 1860 1066 mihi.

1193 1190 1230 1226 8.
1264 1184 1401 1240 Iunge
1435 1182 1587 1238 mulas,
1619 1181 1765 1223 mulio.
1813 1185 1856 1223 61,
1888 1184 1949 1237 tu,
1982 1180 2058 1222 mi-

1252 1255 1327 1311 les,
1360 1255 1461 1297 ueni
1494 1270 1664 1296 mecum
1698 1254 1743 1296 in
1769 1253 2061 1296 Tiburtinum.

1254 1344 1402 1371 eamus
1433 1343 1512 1369 nos
1546 1328 1598 1368 ad
1631 1327 1739 1369 alios
1772 1327 1944 1370 amicos.

1193 1490 1231 1528 5³.
1275 1486 1420 1540 Haue,
1459 1484 1643 1526 domine.
1707 1484 1837 1539 113116,
1877 1483 2062 1525 domina.

1567 1556 1736 1613 regina,
1769 1556 1900 1611 haue,
1934 1555 2064 1597 Amo-

1256 1647 1352 1673 rum
1379 1630 1587 1684 <mater>7
1620 1628 1711 1669 filia
1737 1628 1881 1685 pelagi
1903 1627 2063 1670 Venus.

1258 1702 1474 1759 quomodo
1527 1701 1745 1742 infantes?
1808 1699 1979 1741 Viuunt
2023 1702 2066 1741 et

1257 1778 1365 1818 bene
1399 1775 1573 1816 habent.

1254 1574 1329 1601 rex
1337 1593 1347 1613 ,
1380 1558 1502 1599 haue.

1200 1864 1265 1904 10.
1286 1861 1421 1903 Iudex
1443 1858 1575 1900 uenit.
1609 1860 1705 1900 acta
1725 1872 1793 1899 res
1814 1859 1880 1899 esi:
1900 1859 1944 1898 61,
1963 1855 2065 1898 11101-

1256 1949 1362 1975 mus.
1409 1931 1615 1987 quoniam
1662 1945 1765 1987 ergo
1804 1929 1920 1971 bono
1958 1927 2066 1984 pede

1258 2004 1498 2048 conuenisti
1548 2003 1591 2044 111
1637 2018 1727 2044 rem
1769 2017 1929 2056 meam,
1972 2015 2066 2056 pos-

1259 2093 1408 2120 sumus
1434 2076 1564 2118 hodie
1586 2090 1672 2117 11113
1690 2074 1912 2130 prandere.
1946 2086 2067 2128 rogo,

1259 2150 1371 2193 ueni.

1204 2238 1268 2278 11.
1302 2233 1516 2285 Quoniam
1549 2231 1710 2273 amicos
1736 2227 1935 2284 inuibaui7
1967 2226 2068 2269 ueni

1260 2308 1313 2349 ad
1339 2321 1407 2348 me
1435 2308 1478 2347 et
1504 2319 1608 2360 para
1633 2303 1762 2345 nobis
1789 2300 1935 2344 omnia
1958 2314 2068 2356 quae

1261 2395 1367 2436 opus
1400 2380 1502 2420 sunt
1535 2377 1580 2418 111
1612 2390 1762 2418 cenam
1795 2377 1838 2416 eb
1871 2387 1972 2416 coco
1999 2371 2068 2413 djc

1258 2455 1307 2494 ut
1368 2448 1659 2506 pulmentaria
1714 2447 1824 2489 bene
1882 2443 2066 2488 condiat.

1203 2599 1269 2640 12.
1309 2595 1467 2638 Venite
1500 2594 1603 2648 11110,
1635 2591 1825 2634 excu'nite
1855 2588 2069 2643 culcitam,

1261 2668 1410 2724 ponite
1430 2666 1673 2723 puluinum,
1694 2662 1859 2720 operite
1874 2660 2069 2718 stragula

1265 2743 1307 2782 et
1328 2738 1560 2795 opertoria,
1581 2736 1723 2778 ducite
1745 2750 1932 2791 scopam,
1955 2748 2069 2790 spar-

1263 2812 1355 2870 gite
1394 2826 1569 2866 aquam,
1605 2808 1786 2851 sternibe
1819 2805 2071 2860 triclinium,

1264 2885 1429 2926 adferte
1463 2882 1617 2924 calices
1650 2884 1694 2922 et
1721 2881 1962 2936 argentum.
2009 2879 2071 2931 tu,

1263 2972 1388 3012 puer,
1438 2954 1544 2996 tolle
1594 2953 1801 3009 lagunam
1851 2953 1894 2992 61,
1938 2948 2070 3004 imple

1265 3044 1439 3084 aquam,
1496 3026 1641 3068 scinde
1692 3024 1831 3081 ligna,
1894 3023 2071 3077 exterge

1265 3115 1459 3142 mensam
1486 3101 1528 3140 et
1551 3112 1663 3153 pone
1684 3096 1730 3138 in
1749 3095 1950 3137 medium.
1990 3106 2070 3149 ego

1267 3173 1418 3215 1111111111
1449 3170 1678 3227 proferam.
1733 3168 1878 3210 lauabe
1905 3163 2071 3208 calices.
