2194 3475
704 205 1125 243 HERMENEVMATA
1152 205 1498 244 EINSIDLENSIA

224 317 361 371 Νομία
393 317 518 360 Pales

221 391 479 443 Περςεφόνη
513 391 771 447 Proserpina

224 464 384 516 Κυβέλη
419 462 577 518 Cybele

221 537 355 587 μήτηρ
389 538 502 577 θεῶν
535 537 675 575 mater
708 534 886 576 deorum

184 622 200 648 5
222 607 247 648 Γ
251 609 325 648 αῑα
357 605 504 647 Tellus

223 679 348 721 Χθών
380 678 512 720 Terra

219 750 357 793 Ἐνυὼ
385 753 520 803 μήτηρ
548 751 711 802 Ἄρεως
740 750 920 792 Bellona
950 754 1087 792 mater

279 822 434 864 Martis

218 896 334 947 Τύχη
368 894 560 937 Fortuna

219 969 384 1020 Σεμέλη
420 966 586 1010 Semele

73 1115 195 1163 [159r]
220 1114 329 1166 Περὶ
360 1116 448 1160 τῶν
482 1114 529 1156 ἐν
562 1117 622 1169 τῷ
652 1114 773 1168 Ἅιδῃ
807 1113 857 1154 de
892 1113 944 1155 iis
977 1128 1086 1168 quae

278 1185 323 1227 in
355 1185 526 1227 inferno

164 1277 196 1301 11
218 1257 243 1299 ὁ
274 1258 421 1311 Ἅιδης
453 1257 654 1300 Infernus

216 1331 266 1372 τὸ
301 1331 496 1383 Εὔορνον
529 1330 731 1372 Auernus

216 1403 242 1454 ἡ
276 1402 479 1455 Ἄβυςςος
511 1403 710 1458 Abyssus

216 1476 267 1517 τὸ
302 1475 528 1528 Βάραθρον
561 1475 820 1517 Barathruln

165 1536 242 1599 1ῡῆ
278 1549 303 1589 Γ
307 1549 435 1590 έεννα
467 1548 643 1589 Geenna

217 1620 242 1662 ὁ
275 1619 456 1674 Ἔρεβος
489 1620 660 1662 Erebus

216 1693 241 1734 ὁ
273 1693 495 1746 Τάρταρος
528 1693 736 1735 Tartarus

215 1766 265 1807 τὸ
299 1765 496 1808 Ἠλύςιον
524 1767 675 1808 πεδίον
703 1765 880 1821 Elysius
908 1782 1084 1823 campus

216 1837 241 1878 ὁ
274 1838 457 1890 Δαίμων
491 1837 667 1893 Genius,
701 1838 894 1880 Daemon

163 1930 198 1954 20
218 1909 242 1950 ὁ
276 1909 495 1963 Διάβολος
529 1910 840 1967 Calumniator,
873 1912 1084 1954 Diabolus

217 1981 242 2024 ὁ
276 1982 429 2035 Βελίαρ
464 1982 608 2024 Belial·

217 2055 257 2097 οἱ
290 2055 508 2108 Δαίμονες
542 2056 815 2108 καταχθόνιοι
849 2057 999 2099 Manes

172 2174 179 2177 ,
216 2128 266 2169 τὸ
299 2129 562 2180 Προςωπεῑα
594 2128 760 2170 Laruae

217 2199 259 2241 αἱ
292 2200 443 2253 Λάμιαι
476 2199 650 2242 Lamiae

164 2292 197 2317 25
217 2271 242 2312 ὁ
277 2273 517 2325 Κένταυρος
552 2272 794 2315 Centaurus

215 2345 241 2396 ἡ
276 2345 447 2387 Σκύλλα
482 2344 625 2400 Scylla

216 2417 240 2468 ἡ
276 2418 422 2470 Γοργώ
457 2417 636 2475 Gorgon

215 2490 240 2541 ἡ
273 2490 459 2543 ’Ἀρπυια
492 2490 686 2546 Harpyia

216 2562 258 2603 αἱ

162 2654 197 2679 30
217 2634 259 2676 αἱ

216 2707 258 2748 αἱ

216 2779 258 2821 αἱ

293 2562 522 2614 Εὐμενίδες
554 2563 830 2617 Eumenides,
864 2563 1018 2605 Furiae

294 2636 448 2678 Ναῖδες
480 2634 669 2677 Naiades

291 2705 508 2759 Ἐριννύες
541 2708 700 2749 Erinae

0 2836 2 2839 v
291 2778 544 2832 Ἐκδικήςεις
576 2779 765 2822 Vltrices

76 2857 201 2906 [159'1]
219 2851 261 2893 αἱ
294 2851 410 2904 Ἀραί
442 2850 573 2894 Dirae

47 2941 49 2943 ·
218 2924 260 2966 αἱ
295 2926 467 2979 Μοῖραι,
500 2924 542 2966 αἱ
578 2926 708 2977 Κῆρες
741 2924 899 2967 Pareae

165 2997 243 3048 3ῡῆ
279 2997 438 3039 Κλωθώ
474 2995 630 3039 Clotho

1125 320 1150 371 ἡ
1185 319 1361 372 Λάχεςις
1393 317 1596 361 Lachesis

1125 393 1150 443 ἡ
1183 391 1399 443 Ἄτροπος
1430 391 1623 447 Atropos

1127 464 1169 504 αἱ
1201 462 1350 515 Ὀργαί
1381 463 1489 518 Irae,
1520 462 1676 504 Furiae

1124 535 1148 585 ἡ
1184 535 1390 587 Τιςιφόνη
1424 535 1690 591 Tessiphone

1125 608 1149 658 ἡ
1185 606 1374 659 Ἀληκτώ
1407 607 1578 649 Allecto

1124 679 1149 730 ἡ
1185 681 1382 731 Μέγαιρα
1414 678 1616 736 Megaera

1126 751 1150 792 ὁ
1184 750 1373 803 Ἀχέρων
1405 750 1607 793 Acheron

1121 824 1146 875 ἡ
1182 824 1291 867 Στύξ
1327 822 1434 878 Styx

1123 895 1146 937 ὁ
1179 897 1525 948 Πυριφλεγέθων
1558 896 1799 953 phlegeton

1122 967 1146 1008 ὁ
1182 968 1380 1009 Κωκυτός
1414 967 1603 1023 Cocytus
2008 983 2042 1007 45

1123 1040 1146 1081 ὅ
1184 1040 1340 1092 Χάρων
1373 1039 1558 1096 Charon,
1592 1042 1727 1083 Oreus

1125 1113 1149 1154 ὁ
1185 1114 1394 1166 Κέρβερος
1428 1112 1640 1155 (”ει·1)θι·υε

1125 1185 1149 1226 ὁ
1184 1185 1332 1228 Μίνως
1366 1185 1508 1228 Minos

1124 1257 1148 1299 ὁ
1181 1258 1334 1301 Αἰακός
1367 1257 1536 1300 Aeaeus

1124 1331 1165 1372 αἱ
1198 1331 1432 1382 Φροντίδες
1466 1330 1616 1385 Curae,
1651 1332 1838 1374 Vltrices
2010 1346 2044 1369 50

1123 1403 1147 1454 ἡ
1184 1403 1320 1445 Νόςος
1353 1403 1532 1445 Morbus

1123 1476 1172 1516 τὸ
1208 1477 1341 1528 Γῆρας
1378 1475 1555 1518 Senium

1123 1547 1147 1588 ὁ
1181 1548 1323 1601 Φόβος
1358 1548 1501 1590 Metus

1122 1620 1146 1661 ὁ
1179 1621 1334 1673 Λοιμό(
1367 1621 1508 1662 Pestis

1123 1692 1146 1733 ὁ
1180 1693 1308 1745 Λιμός
1343 1693 1494 1735 Fames

2009 622 2043 645 40

2014 1700 2131 1747 [1ssoq

1122 1767 1146 1817 ἡ
1182 1767 1381 1818 Στέρηςις
1414 1767 1601 1822 Egestas
2008 1781 2042 1805 5ss

1123 1838 1146 1879 ὁ
1183 1838 1322 1880 Κόττος
1356 1840 1423 1881 καὶ
1456 1840 1603 1881 Πόνος
1638 1839 1781 1880 Labor

1122 1910 1146 1951 ὁ
1178 1912 1345 1953 ”Υπνος
1381 1910 1567 1952 Somnus

1123 1983 1146 2024 ὁ
1181 1982 1378 2025 Θάνατος
1412 1983 1530 2024 Mors

1122 2056 1172 2097 τὸ
1207 2057 1342 2098 Μῑςος
1376 2056 1531 2097 odium

1121 2129 1145 2179 ἡ
1180 2129 1294 2181 Λήθη
1329 2128 1504 2169 Obliuio

1121 2202 1145 2252 ἡ
1179 2201 1334 2243 Δειλία
1370 2200 1509 2242 Pauor

2008 2070 2043 2095 60

1124 2358 1170 2387 111
1207 2347 1303 2398 περὶ
1337 2346 1578 2398 θεοςεβείας
1613 2346 1663 2387 de
1697 2346 1908 2401 religione

1121 2419 1146 2470 ἡ
1179 2420 1399 2471 θεοςέβεια
1432 2418 1586 2474 religio

1121 2492 1328 2543 θεοφιλής
1362 2490 1592 2547 religiosus
2007 2505 2041 2531 cs,

1120 2563 1144 2613 ἡ
1210 2563 1406 2615 θρηςκεία
1470 2563 1745 2619 superstitio,

1181 2634 1291 2676 ritus

1121 2707 1145 2748 ὁ
1177 2707 1316 2759 ἱερεύς
1349 2708 1546 2749 sacerdos

1120 2779 1145 2821 ὁ
1171 2781 1309 2833 ἱερεὺς
1337 2781 1536 2833 καίςαρος
1563 2780 1810 2836 fiamineuS,
1843 2781 1986 2835 salius,

1180 2853 1337 2894 flamen

1122 2925 1147 2967 ὁ
1178 2926 1318 2978 ἱερεὺς
1352 2926 1421 2967 ἐπὶ
1455 2928 1641 2978 ςπονδῆς
1674 2925 1835 2968 fetialis

1123 2998 1146 3040 ὁ
1178 2998 1435 3050 ἱερόληπτος
1469 2997 1682 3039 fanaticus
2007 3011 2041 3036 τυ

2005 2353 2131 2400 [ιὸου]

1815 2564 1988 2620 religio,

331 3168 394 3205 22.
437 3165 661 3208 καταχθόνοι
701 3165 777 3201 coel.
816 3165 828 3210 ΙΙ
866 3169 922 3201 50.
962 3165 1164 3210 φραντίδες
1202 3165 1314 3200 coclea*
1351 3165 1363 3210 ΙΙ
1401 3168 1457 3200 67.
1497 3164 1640 3208 ἱεραεύς
1672 3166 1747 3202 cod.
1786 3167 1798 3211 ΙΙ
1836 3168 1892 3201 68.
1926 3167 1985 3200 καὶ

218 3235 302 3269 ερος
327 3225 405 3261 eod.
426 3226 438 3270 ΙΙ
