2271 3475
884 887 1294 943 PROLOGVS

71 1028 189 1075 [2091]
210 1024 374 1081 Agat-hi
407 1025 525 1080 tichy
558 1025 671 1066 bona
702 1026 876 1067 fortuna

209 1097 392 1155 agathos
425 1097 538 1138 bona

208 1170 361 1226 tychos
393 1171 567 1211 fortuna

173 1241 279 1283 5kai
313 1241 460 1298 agathi
494 1241 599 1283 tichi
635 1244 676 1282 et
710 1241 822 1282 bona
855 1242 1028 1283 fortuna

208 1313 393 1370 sinagati
427 1313 531 1355 tichi
566 1328 662 1355 cum
697 1313 809 1354 bona
843 1314 1015 1355 fortuna

208 1386 314 1428 tichi
347 1386 494 1442 agathi
528 1387 702 1427 fortuna
736 1386 847 1428 bona

207 1458 402 1514 eytichos
433 1458 617 1500 feliciter

208 1530 398 1586 epidioro
432 1531 634 1585 quoniam
668 1531 793 1574 uideo

154 1616 187 1640 10
206 1602 349 1657 pollus
382 1602 541 1645 multos

207 1673 518 1729 epithimuntas
550 1676 772 1732 cupientes

206 1746 399 1787 romaisti
432 1746 565 1788 latine

206 1818 439 1875 dialegeste
472 1819 690 1874 disputare

204 1890 274 1932 kai
309 1891 486 1932 ellinisti
520 1894 562 1932 et
595 1906 719 1947 grece

153 1976 185 2000 15
206 1963 309 2004 mite
343 1963 550 2027 eucheros
583 1978 749 2018 queque
783 1965 907 2006 facile

205 2034 370 2076 dinaste
402 2050 528 2090 posse

205 2106 332 2148 diatis
383 2106 624 2149 discherian
668 2112 844 2163 propter
889 2109 1065 2151 difficul-

263 2181 397 2221 tatem

204 2251 275 2292 kai
307 2251 583 2307 poliplithian
616 2255 658 2294 et
691 2253 1013 2295 multitudinem

204 2323 390 2365 rimaton
425 2325 657 2366 uerborum

150 2407 184 2432 20
204 2395 325 2436 tiemi
358 2396 608 2452 cacopathia
640 2412 733 2438 meo
767 2398 913 2439 labore

203 2467 480 2522 kaifiloponia
512 2471 555 2509 et
586 2468 797 2511 industria

205 2539 452 2581 ucefisamin
484 2555 569 2582 non
602 2541 772 2596 peperci

204 2611 313 2652 tumi
345 2611 452 2666 piise
486 2614 533 2653 ut
564 2627 651 2654 non
682 2614 867 2655 facerem

205 2683 493 2738 oposentrisin
527 2686 575 2726 ut
607 2684 793 2727 intribus

151 2766 185 2791 25
205 2753 352 2795 bibliis
384 2753 507 2796 libris

1111 1025 1473 1067 ermineumatieis
1491 1025 1972 1081 11110111101111110111011111]

1109 1097 1442 1153 pantatarimata
1476 1097 1619 1138 omnia
1652 1099 1784 1141 uerba

1110 1170 1333 1226 singrapse
1367 1169 1635 1211 conscribere

1108 1241 1250 1297 pollus
1283 1257 1437 1297 gararo
1471 1241 1632 1283 multos
1665 1243 1779 1284 enim
1813 1243 1937 1285 uideo

1109 1314 1196 1355 eice
1230 1313 1458 1355 chiricotas
1491 1317 1666 1355 conatos
1700 1330 1791 1356 esse
1991 1335 2025 1356 :30

1109 1388 1231 1427 urata
1264 1385 1458 1427 tinaxian
1490 1402 1575 1427 non
1609 1402 1686 1442 pro
1716 1386 1927 1443 dignitate

1108 1459 1258 1500 chates
1291 1460 1440 1500 autoto
1474 1458 1585 1500 Sicut
1618 1458 1711 1514 ipsa
1743 1474 1811 1500 res

1108 1531 1166 1572 eti
1199 1530 1390 1586 postulat
1422 1531 1614 1586 postulat

1108 1602 1360 1644 allatisidias
1394 1603 1467 1644 sed
1501 1618 1574 1644 sue

1108 1675 1403 1730 epitimiuntas
1436 1675 1694 1730 cupiditates

1106 1748 1159 1788 ke
1193 1747 1440 1803 gymnasias
1474 1750 1516 1788 et
1550 1747 1872 1789 exercitationis

1107 1834 1234 1860 eneca
1267 1834 1393 1860 causa

1107 1891 1331 1933 utoseenin
1364 1891 1423 1932 sic
1458 1891 1628 1933 inanem

1106 1963 1333 2004 caus-hesin
1366 1964 1549 2019 gloriam

1106 2037 1234 2089 apoto
1267 2037 1392 2090 proto
1427 2052 1450 2077 a
1482 2036 1621 2091 primo
1985 2061 2020 2084 40

1105 2122 1350 2162 apenencan
1383 2107 1654 2149 abstulerunt

1104 2179 1364 2220 meehritues
1414 2179 1543 2221 chatu
1593 2194 1727 2234 usque
1776 2179 1964 2221 adextre-

1163 2265 1281 2292 mum

1103 2322 1314 2364 diinecian
1346 2325 1522 2378 propter
1554 2339 1682 2378 quam
1715 2339 1885 2365 causam

1102 2395 1437 2450 utolmoplionas
1452 2395 1577 2451 logus
1591 2411 1677 2437 non
1692 2397 1825 2437 audeo
1840 2397 1963 2451 plura

1162 2467 1295 2508 uerba

1101 2538 1222 2594 pyise
1255 2539 1393 2580 facere
1983 2566 2017 2590 47,

1102 2610 1361 2652 allabulome
1395 2611 1468 2652 sed
1500 2611 1599 2653 uolo

1102 2681 1250 2737 apasin
1283 2683 1483 2724 omnibus

1101 2754 1280 2795 faneron
1311 2754 1418 2810 piise
1451 2755 1593 2810 palam
1626 2757 1763 2798 facere
1815 2782 1819 2787 -

329 2914 357 2944 1.
385 2908 492 2953 logos
525 2908 622 2944 liber
653 2923 677 2946 a
708 2912 719 2956 ΙΙ
751 2915 784 2946 2.
817 2910 949 2954 agathi
982 2909 1076 2944 tichi
1107 2923 1131 2945 α
1162 2911 1173 2954 [Ι
1205 2913 1237 2944 6.
1266 2908 1459 2953 sinagathi
1485 2909 1589 2954 tychi
1614 2923 1638 2946 a
1669 2912 1680 2955 Π
1713 2916 1743 2947 7.
1772 2910 1876 2955 tyehi
1902 2923 1926 2945 a
1950 2910 1962 2956 Η

206 2974 238 3005 8.
267 2968 439 3004 ethichos
465 2981 488 3003 a
507 2971 519 3013 ΙΙ
540 2972 594 3004 13.
622 2969 858 3013 dialegesthe
886 2975 969 3015 post
994 2981 1086 3005 corr.
1113 2982 1137 3005 a
1155 2971 1167 3014 ΙΙ
1190 2973 1244 3004 19.
1272 2967 1470 3003 kimathon
1496 2971 1625 3014 611121.
1652 2969 1875 3015 philoponia
1901 2983 1925 3005 a
1951 2992 1959 3013 ⁸:

1951 2971 1959 2989 Γ

206 3034 262 3064 23.
284 3028 406 3074 pipisc
433 3040 478 3064 ea)
503 3028 597 3074 piise
624 3040 715 3064 corr.
740 3042 764 3064 a
782 3032 794 3074 ss
814 3034 869 3066 26.
897 3028 1228 3064 ermineumaticus
1254 3040 1279 3063 a
1296 3029 1308 3072 ΙΙ
1328 3032 1385 3063 30.
1412 3027 1720 3073 epiccchiricotas
1747 3042 1772 3065 a
1790 3030 1801 3074 ΙΙ
1822 3034 1877 3065 31.
1903 3031 1959 3074 ty-

204 3087 344 3124 naxian
369 3101 393 3124 ιι
412 3089 423 3134 ΙΙ
444 3093 499 3124 33.
527 3087 607 3123 ethi
632 3101 656 3123 a
678 3089 682 3135 1
708 3089 876 3134 postulat
900 3090 1004 3125 semel
1029 3100 1094 3124 om.
1117 3101 1141 3123 α
1160 3090 1171 3133 ΙΙ
1192 3092 1248 3123 42.
1275 3087 1398 3122 machi
1419 3101 1442 3123 (ι
1462 3094 1546 3124 ante
1567 3101 1656 3125 corr.
1679 3091 1690 3135 ΙΙ
1710 3094 1765 3125 43.
1794 3088 1959 3124 diincian

206 3161 229 3183 a
255 3153 338 3199 ante
364 3160 456 3185 corr.
475 3150 486 3194 ΙΙ
507 3152 562 3183 44.
589 3148 748 3194 plyonas
774 3149 904 3195 111145.
930 3160 1022 3194 pyse
1049 3162 1073 3185 a
1091 3149 1103 3194 11
1122 3151 1179 3184 48.
1207 3147 1312 3194 pyise
1338 3160 1362 3183 a
1381 3149 1392 3193 ΙΙ
