2164 3470
895 181 1170 217 PRAEFATIO
1753 181 1910 215 XXXIII

156 292 404 335 universum
442 293 557 335 enim
595 292 813 347 conspirat
851 291 962 333 liber
1000 306 1097 333 cum
1134 289 1399 344 Vaticano,
1436 289 1520 330 nisi
1559 290 1674 344 quod
1714 290 1785 331 hic
1824 290 1911 331 illic

157 364 439 406 recentiorem
476 363 651 420 linguae
689 362 873 403 formam
912 362 1101 403 ostendit
1138 361 1371 403 Parisinus.
1406 386 1460 390 —
1493 361 1614 402 Idem
1653 361 1912 417 glossarium

158 435 288 476 etiam
320 436 365 476 in
398 435 571 477 codice
603 433 935 475 Bruxellensi
972 434 1266 477 1828—1830
1298 432 1455 474 saeculi
1488 432 1528 473 X
1561 435 1712 487 exstat,
1745 432 1796 473 de
1829 447 1912 487 quo

160 506 374 562 p.XXVII
389 506 470 562 egi,
484 506 529 547 in
542 506 613 547 fol.
627 506 800 560 36sqq.:
822 520 873 546 ex
894 520 978 560 quo
999 505 1111 547 libro
1133 520 1240 560 quae
1256 504 1468 559 excerpsit
1484 503 1915 558 GundermannuS,

161 593 210 619 ea
241 578 346 620 satis
377 592 510 633 prope
543 578 596 618 ad
628 576 818 619 codicem
838 576 1139 618 Vaticanum
1165 577 1382 618 accedunt.
1412 603 1465 606 —
1493 576 1722 618 Praeterea
1746 576 1915 617 litterae

159 649 195 691 B
228 652 270 690 et
303 649 333 691 C
372 649 638 690 transierunt
676 648 721 689 in
752 647 1053 689 Vaticanum
1086 650 1220 702 4417,
1262 648 1312 689 de
1352 663 1435 703 quo
1469 648 1581 690 infra
1613 648 1915 704 disputabitur.

281 720 517 762 Alterum
549 720 707 762 codicis
733 720 931 761 Vaticani
965 720 1294 776 glossarium,
1327 720 1447 761 cuius
1480 719 1653 761 initium
1686 723 1750 761 est
1781 721 1917 762 aarsi—

159 806 235 835 con
265 793 369 835 idest
399 806 503 834 auro
528 793 803 846 piymentum,
841 791 885 832 in
918 791 1068 833 eodem
1101 806 1228 846 quem
1261 791 1386 832 modo
1421 792 1748 833 commemoravi
1781 791 1917 833 libro

160 863 399 906 Parisino
444 863 516 905 fol.
565 864 824 906 wir—179
876 863 1055 919 legitur,
1106 863 1180 905 sed
1224 862 1573 918 conglutinatum
1619 878 1715 905 cum
1761 863 1918 919 glossis

161 935 332 977 aliunde
370 935 571 990 receptis:
611 949 792 989 quarum
830 934 959 990 longe
998 934 1135 975 maior
1166 949 1265 989 pars
1299 933 1429 974 etiam
1461 933 1506 974 in
1536 933 1675 989 primo
1709 934 1918 990 glossario

161 1005 409 1048 Vaticano
444 1009 595 1048 exstat.
658 1005 776 1047 Inter
807 1000 961 1047 folium
990 1007 1076 1048 174
1110 1009 1152 1047 et
1182 1007 1266 1047 175
1300 1004 1466 1060 aliquot
1497 1005 1601 1047 folia
1633 1021 1729 1047 cum
1762 1007 1921 1047 maiore

161 1081 283 1134 parte
327 1077 497 1119 litterae
538 1078 597 1132 G,
642 1077 812 1134 integra
856 1077 1003 1119 littera
1040 1070 1104 1133 H,
1150 1077 1311 1119 maiore
1357 1080 1478 1132 parte
1519 1078 1551 1119 Ι
1583 1078 1753 1119 litterae
1793 1079 1919 1120 inter-

162 1150 368 1192 ciderunt.
432 1149 555 1190 Hanc
594 1148 984 1191 contaminatarum
1022 1148 1265 1205 glossarum
1305 1148 1567 1205 farraginem
1600 1164 1697 1191 cum
1730 1150 1921 1191 emenda-

162 1221 327 1263 tionem
364 1220 504 1277 magis
536 1220 756 1275 implicare
789 1235 919 1275 quam
951 1220 1152 1262 adiuvare
1186 1220 1484 1276 cognovissem
1517 1221 1799 1263 omittendam
1832 1236 1922 1263 esse

163 1293 319 1335 censui.

282 1364 446 1406 Tertii
466 1363 713 1421 glossarii
729 1363 899 1421 (anesus
917 1365 1040 1407 herba
1056 1366 1162 1418 folia
1181 1366 1269 1408 eius
1290 1366 1504 1408 coriandri
1518 1363 1741 1422 simulant)
1754 1368 1925 1421 praeter

164 1437 464 1479 Vaticanum
497 1436 580 1478 duo
613 1436 713 1478 novi
747 1436 1019 1492 exemplaria,
1052 1452 1235 1492 quorum
1267 1436 1476 1478 lectiones
1509 1452 1606 1478 cum
1633 1437 1726 1478 fieri
1753 1436 1824 1478 vix
1850 1451 1924 1492 po—

164 1508 297 1550 tuerit
335 1510 383 1549 ut
422 1507 467 1549 in
499 1510 707 1563 apparatu
740 1508 1014 1564 respicerem,
1051 1525 1091 1564 p.
1125 1510 1209 1551 607
1233 1523 1322 1563 sqq.
1357 1508 1545 1550 exhibui.
1610 1508 1775 1550 Codex
1809 1508 1925 1549 Ber-

163 1579 339 1622 nensis
364 1581 463 1635 337,
490 1579 611 1621 cuius
638 1579 895 1635 scripturam
920 1596 959 1636 p.
988 1581 1224 1623 607—616
1253 1579 1361 1635 dedi,
1394 1580 1580 1636 scriptus
1607 1583 1672 1622 est
1700 1580 1924 1622 undecimo

167 1652 355 1708 saeculo;
399 1652 546 1694 insunt
588 1653 643 1694 14
687 1651 792 1693 folia
836 1652 1161 1694 membranacea
1205 1651 1280 1709 (11
1305 1663 1361 1696 ><
1382 1653 1438 1694 26
1461 1650 1576 1708 cm.),
1622 1653 1779 1708 quibus
1824 1653 1928 1693 haec

171 1724 464 1767 continentur:
512 1723 556 1780 1)
590 1723 635 1764 in
666 1723 738 1764 fol.
769 1725 931 1766 1Τ-2ιι
969 1724 1206 1765 antidota
1238 1723 1466 1778 quaedam3
1508 1722 1556 1779 2)
1588 1724 1633 1765 in
1665 1724 1736 1765 fol.
1771 1724 1929 1766 3s—8¹'

169 1797 337 1853 glossae
382 1795 637 1849 ‘Anesus'3
683 1793 730 1850 3)
769 1794 814 1836 in
851 1795 923 1836 fol.
963 1797 1147 1838 81—1411
1191 1794 1360 1851 glossae
1399 1794 1630 1850 ‘Anti-ii,
1677 1796 1727 1836 de
1772 1795 1930 1851 quibus

168 1869 296 1924 paulo
340 1871 439 1924 post
484 1867 660 1909 dicetur.
723 1866 878 1908 Manus
922 1867 1057 1909 altera
1101 1881 1209 1922 quae
1248 1866 1408 1922 passim
1447 1867 1703 1922 scripturam
1743 1866 1929 1909 correxit

169 1940 360 1982 eiusdem
404 1938 559 1980 aetatis
604 1940 669 1980 est
713 1952 810 1979 cum
854 1938 1006 1993 priore.
1069 1939 1235 1981 Vltima
1273 1938 1472 1995 glossarii
1511 1954 1610 1994 pars
1649 1954 1738 1981 non
1776 1941 1929 1991 exstat.

170 2011 371 2054 Ceterum
403 2010 653 2067 apographo
686 2024 788 2051 usus
820 2024 917 2051 cum
950 2010 1341 2052 Gundermanni.
1372 2036 1424 2039 —
1455 2010 1622 2052 Codex
1646 2010 1929 2052 Vaticanus

169 2085 285 2127 4417
321 2083 480 2125 saeculi
513 2081 727 2125 undecimi
756 2083 838 2124 1:27
873 2082 978 2123 folia
1004 2082 1196 2125 continet
1224 2082 1549 2124 membranacea
1575 2081 1651 2139 (18
1669 2093 1724 2127 ><
1742 2084 1795 2125 31
1813 2080 1930 2138 0111),

171 2155 319 2198 insunt
350 2155 468 2197 varia
501 2154 706 2211 opuscula
738 2153 1009 2195 medicinalia
1036 2152 1310 2211 (antidota,
1350 2154 1814 2197 antemballomena
1841 2154 1930 2197 Ga-

170 2227 316 2283 lieni,
354 2230 613 2269 tractatus
653 2226 709 2267 de
748 2225 1065 2280 ponderibus
1104 2229 1153 2267 et
1191 2223 1481 2282 mensuris);
1519 2226 1831 2282 glossarium
1867 2230 1932 2268 est

173 2299 218 2341 in
249 2299 321 2341 fol.
353 2300 634 2341 ner—127⁰.
686 2296 875 2339 Litterae
902 2297 938 2338 B
971 2300 1015 2339 et
1042 2297 1073 2339 C
1106 2313 1157 2340 ex
1189 2297 1273 2339 alio
1307 2297 1517 2354 glossario
1550 2299 1767 2341 fluxerunt
1797 2313 1932 2354 eoque

173 2370 382 2428 persimili
422 2370 556 2425 illius,
595 2369 709 2425 quod
747 2368 937 2424 primum
975 2369 1119 2411 locum
1156 2369 1201 2411 in
1239 2369 1383 2410 codice
1420 2371 1533 2412 1260
1566 2375 1756 2426 occupat.
1819 2370 1934 2412 Vsus

174 2458 271 2485 sum
302 2442 551 2499 apographo
579 2441 628 2483 A.
656 2440 924 2496 Koehleri,
959 2441 1074 2495 quod
1106 2440 1178 2482 ille
1211 2440 1413 2482 Loewio
1447 2440 1551 2483 olim
1583 2442 1827 2498 donaverat,
1860 2442 1933 2483 sed

176 2515 315 2556 denuo
354 2528 452 2556 cum
490 2513 633 2555 codice
666 2527 691 2554 a
723 2511 1114 2554 Gundermanno
1154 2511 1368 2568 collat0.¹)
1402 2538 1456 2542 ——
1489 2512 1697 2555 Eiusdem
1734 2512 1931 2569 glossarii

177 2588 377 2641 excerpta
421 2585 474 2626 ad
519 2583 774 2627 severiorem
818 2583 1061 2625 litterarum
1107 2584 1300 2625 ordinem
1340 2583 1550 2639 disposita
1587 2584 1852 2626 transierunt
1890 2584 1935 2625 in

176 2657 367 2700 codicem
399 2656 741 2698 Oxoniensem
772 2655 1111 2697 Bodleianum
1142 2656 1291 2697 Laud.
1331 2655 1506 2697 miscell.
1539 2658 1624 2699 567
1661 2656 1817 2698 saeculi
1842 2655 1935 2711 XII,

177 2728 351 2772 insertis
388 2728 504 2769 haud
540 2727 688 2784 paucis
720 2727 877 2784 glossis
910 2727 1100 2783 aliunde,
1139 2728 1260 2769 uelut
1292 2727 1487 2784 glossis
1520 2728 1795 2783 saxonicis,
1828 2743 1935 2783 quae

178 2802 287 2844 miro
314 2800 441 2842 modo
469 2814 566 2842 cum
591 2800 678 2842 illis
705 2802 950 2857 congruunt
973 2814 1080 2855 quas
1101 2814 1152 2841 ex
1173 2800 1317 2842 codice
1340 2798 1585 2841 Cantabri
1594 2799 1764 2856 giensi
1785 2799 1935 2855 colleg.

119 2861 129 2869 ¹
180 2873 321 2929 Corp.
362 2871 557 2914 Christi
600 2871 733 2914 edidit
770 2871 809 2913 J.
847 2870 901 2913 H.
940 2870 1162 2913 Hessels.
1226 2870 1349 2921 Quod
1392 2870 1454 2912 ita
1497 2885 1542 2913 se
1580 2871 1739 2913 habere
1777 2871 1845 2914 vel
1885 2886 1936 2913 ex

302 3053 337 3097 1)
364 3049 596 3097 Compendia
627 3049 743 3086 etiam
768 3049 880 3084 huius
905 3047 995 3083 libri
1019 3047 1241 3093 plerumque
1268 3045 1382 3091 solvi,
1413 3046 1488 3082 nisi
1513 3047 1579 3083 ubi
1604 3047 1702 3083 ratio
1728 3047 1768 3082 id
1794 3048 1936 3083 dissua—

182 3112 299 3147 serat:
328 3122 403 3146 non
429 3109 526 3145 solvi
551 3108 814 3154 compendium
839 3116 904 3153 ÷,
931 3107 1031 3152 quod
1057 3108 1099 3141 ut
1125 3106 1335 3151 significare
1363 3106 1459 3142 solet
1483 3111 1545 3150 est,
1573 3107 1724 3152 saepius
1751 3118 1818 3152 pro
1845 3108 1937 3142 idest

183 3172 331 3208 videtur
359 3181 441 3214 esse
467 3169 648 3216 positum;
675 3170 840 3203 ceterum
866 3178 931 3213 pro
957 3168 1049 3202 idest
1074 3165 1215 3210 legitur
1239 3165 1279 3200 in
1304 3166 1494 3211 plerisque
1520 3167 1656 3211 glossis
1681 3167 1738 3202 id.

257 3237 344 3269 Corp.
364 3237 456 3270 gloss.
475 3237 528 3262 lat.
548 3238 619 3261 tom.
639 3235 696 3260 111.
1633 3237 1653 3259 c
