2245 3495
217 193 304 234 268

217 304 503 356 ἀρτοκοπεῖον
535 302 766 358 pistrinum

215 375 456 428 ἀρτοκόπος
488 375 626 430 pistor

215 449 239 490 ὁ
273 448 402 500 ληνός
434 446 623 489 torcular

215 519 448 571 ληνοποιός
481 512 737 560 torcularius

177 609 193 633 5
213 595 426 643 γναφεῖον
459 589 689 632 fullonium

215 666 457 716 βαλανεῖον,
490 662 676 713 λουτρόν
709 661 911 704 balneum

214 735 423 788 βαλανεύς
457 733 682 775 balneator

214 809 447 848 τελωνεῖον
479 805 700 847 teloneum

211 879 465 931 λιμενάρχης
496 877 684 933 portitor

158 969 190 992 ιο
210 951 259 992 τὸ
293 951 339 993 ἐν
373 952 506 1002 λιμένι
538 952 662 992 τέλος
694 951 936 1005 portorium

209 1025 444 1075 καπηλεῖον
477 1037 669 1077 caupona

211 1095 234 1136 ὁ
268 1094 414 1150 πηλός,
447 1095 470 1136 ὁ
504 1094 621 1137 οἶνος
655 1095 804 1137 uinum

211 1167 456 1218 οἰνοπώλης
489 1167 698 1209 merarius

212 1239 235 1280 ὁ
270 1239 392 1281 ἰπνός
424 1240 574 1281 furnus

160 1328 192 1351 15
214 1312 493 1363 ἰπνοκαύςτης
525 1312 742 1354 furnarius

70 1386 186 1431 [225¹]
214 1385 239 1435 ἡ
273 1383 446 1435 κάμινος
477 1385 629 1426 fornax

214 1458 539 1508 θερμοπωλεῑον
571 1456 857 1512 lupercarium

214 1529 239 1580 ἡ
273 1527 414 1579 ἀμάρα
447 1527 601 1583 cloaca,
633 1528 766 1570 forica

213 1601 237 1651 ἡ
271 1599 564 1653 ἀνθρακοθήκη
598 1601 849 1643 carbonaria
881 1602 987 1643 cella

161 1759 194 1783 ρο
215 1756 327 1786 XLIX
361 1745 455 1796 περὶ
489 1745 687 1796 οἰκήςεως
721 1745 771 1785 de
804 1745 1072 1787 habitatione

214 1818 238 1868 ἡ
273 1815 427 1868 οἴκηςις
459 1815 672 1857 habitatio

214 1889 264 1930 τὸ
297 1887 450 1940 οἴκημα
481 1887 778 1930 habitaculum

217 1961 241 2012 ἡ
275 1960 396 2015 οἰκία,
428 1959 452 2001 ὁ
485 1959 601 2002 οἶκος
635 1960 786 2002 domus

216 2032 256 2074 οἱ
290 2031 448 2074 ἔνοικοι
479 2031 748 2074 habitatores

162 2119 195 2143 «εξ»
216 2103 331 2158 οἰκῶ,
364 2106 545 2145 κατοικῶ
577 2103 727 2145 habito

216 2178 409 2228 παροικῶ
441 2174 561 2216 iuxta
595 2175 663 2216 uel
695 2191 828 2231 prope
862 2177 1013 2219 habito

218 2247 481 2300 οἰκοδόμημα
515 2246 757 2289 aedificium

219 2322 415 2372 θεμέλιον
448 2319 775 2361 fundamentum

221 2392 244 2434 ὁ
278 2392 394 2434 λίθος
426 2390 537 2445 lapis

164 2477 198 2501 30
219 2465 242 2514 ἡ
263 2464 433 2514 τρώγλη
456 2464 659 2515 foramen,
686 2478 880 2518 cauerna,
904 2467 1075 2505 antrum

218 2537 242 2586 ἡ
277 2535 375 2588 ὀπή,
406 2536 430 2584 ἡ
464 2538 604 2585 τρῡπα
637 2535 830 2576 foramen

217 2609 364 2658 τρυπῶ
397 2605 490 2646 foro

219 2680 243 2729 ἡ
278 2676 475 2729 ἄςβεςτος
509 2679 575 2718 καὶ
607 2680 631 2729 ἡ
664 2678 834 2720 τίτανος
867 2678 961 2719 calx

77 2760 201 2809 [225⁰]
222 2751 246 2800 ἡ
280 2748 415 2800 ἄμμος
446 2748 605 2790 harena

69 2826 74 2831 '
167 2822 245 2872 3ὅὴ
279 2820 435 2871 κάχληξ
470 2823 711 2862 cementum

221 2892 244 2933 ὁ
276 2892 416 2942 γύψος
449 2906 633 2946 gypsum

222 2963 246 3004 ὁ
278 2966 424 3014 τοῖχος
456 2963 595 3017 paries

704 191 1126 228 HERMENEVMATA
1152 190 1496 227 EINSIDLENSIA

1112 303 1162 344 τὸ
1195 302 1363 355 ἔρειςμα
1395 302 1712 345 munimentum

1111 375 1136 427 ἡ
1171 374 1349 417 πλίνθος
1380 373 1491 416 later

1112 446 1355 498 ἡμίπλινθοι
1386 446 1565 502 porcelli

1111 519 1136 570 ἡ
1170 521 1474 561 πλινθοςπιλος
1505 519 1634 574 lupus

1110 591 1164 632 τὰ
1199 593 1358 644 βήςαλα
1389 590 1588 633 laterculi

1109 663 1162 704 τὰ
1194 662 1377 715 ὄςτρακα
1409 665 1546 705 testae

1109 735 1163 777 τὰ
1194 735 1371 787 κεράμια
1402 734 1575 791 tegulae

1109 806 1163 848 τὰ
1195 807 1420 859 κεραμωτά
1451 807 1648 863 tegulata

1108 878 1148 921 οἱ
1180 881 1448 931 καλυπτῆρες
1480 878 1680 920 imbrices

1107 952 1131 1002 ἡ
1167 952 1289 1002 ςτέγη
1322 952 1391 992 καὶ
1422 951 1472 992 τὸ
1506 952 1654 1002 ςτέγος
1686 953 1849 992 tectum

1109 1022 1288 1073 ἄςτεγον
1304 1022 1468 1078 οἴκημα,
1488 1022 1836 1075 ἀπερικάλυπτον
1853 1022 1969 1065 disco

1168 1096 1317 1150 operta
1350 1094 1501 1136 domus

1107 1168 1132 1219 ἡ
1185 1166 1326 1219 ὀροφή
1379 1166 1623 1223 fastigium,
1675 1166 1863 1223 culmen,
1912 1167 1969 1208 la-

1169 1254 1300 1280 cimar

1990 467 2026 491 40

1990 825 2026 850 45

1110 1312 1134 1353 ὁ
1167 1311 1332 1363 ἔδαφος
1363 1309 1661 1366 pauimentum
1988 1328 2024 1353 50

1110 1384 1333 1435 διώροφον
1366 1382 1519 1434 οἴκημα
1546 1382 1727 1423 duorum
1753 1382 1970 1437 pauimen—

1171 1458 1314 1496 torum
1348 1454 1499 1496 domus

1109 1529 1159 1570 τὸ
1193 1527 1408 1579 ψηφωτόν
1442 1525 1710 1568 tessellatum

1109 1601 1159 1642 τὸ
1193 1601 1334 1654 Ξύλον,
1368 1600 1512 1652 κάλον,
1544 1601 1704 1649 δοῡρον
1735 1598 1904 1655 lignum

1109 1674 1133 1724 ἡ
1167 1672 1293 1714 δοκός
1327 1670 1510 1726 tignum,
1542 1669 1686 1711 trabes

1112 1745 1136 1786 ὁ
1169 1743 1334 1796 κάρφος
1367 1743 1532 1783 festuca

1111 1818 1136 1868 ἡ
1169 1816 1284 1858 ςανίς
1317 1813 1477 1868 tabula,
1509 1828 1626 1855 asser

1112 1889 1152 1931 οἱ
1185 1891 1421 1940 ςτρωτῆρες
1455 1900 1618 1927 asseres

1112 1959 1302 2012 τράπεζα
1332 1974 1482 2000 mensa

1116 2033 1224 2083 θύρα
1256 2030 1416 2072 ostium

1995 1673 2114 1720 [2261]

1992 1758 2026 1783 55

1115 2104 1308 2156 θυρωρός
1341 2102 1543 2144 ostiarius
1990 2118 2027 2143 60

1114 2178 1139 2227 ἡ
1173 2175 1421 2227 παράθυρος
1453 2172 1685 2228 porticium

1113 2248 1163 2289 τὸ
1196 2247 1416 2299 πρόθυρον
1450 2244 1686 2300 capriolum

1111 2321 1136 2371 ἡ
1189 2318 1339 2373 φλοιά,
1390 2318 1441 2359 τὸ
1485 2317 1724 2373 ὁροθέςιον,
1773 2318 1798 2369 ἡ
1844 2316 1974 2359 οὐδός

1172 2390 1305 2431 limen

1114 2463 1163 2504 τὸ
1197 2462 1440 2513 ὑπέρθυρον
1473 2460 1734 2516 superlimen

1115 2534 1331 2586 παραςτάς
1363 2532 1501 2588 postis

1116 2606 1307 2659 κυλάδες,
1341 2605 1539 2656 ςτρόφεις
1572 2603 1765 2645 cardines

1117 2677 1316 2728 ςτρόφιγξ
1350 2675 1598 2717 uertebrum

1119 2751 1317 2799 κλεῖθρον
1349 2746 1598 2802 claustrum,
1630 2761 1724 2787 sera

1116 2822 1227 2873 ςφήν
1260 2834 1419 2861 otmeus

1993 2548 2027 2573 65

1059 2938 1061 2940 ,
1115 2892 1336 2944 ἱμάντωμα
1367 2890 1652 2946 ligamentum
1994 2905 2027 2930 το

1117 2963 1324 3014 κατοχεύς
1355 2960 1579 3002 mandalus

343 3072 395 3103 17.
422 3069 467 3111 cf.
499 3081 536 3113 21·
573 3073 660 3113 196,
694 3073 738 3104 61
778 3072 789 3114 ΙΙ
827 3073 883 3104 41.
915 3070 961 3113 cf.
991 3081 1029 3114 p.
1063 3072 1154 3112 190,
1179 3070 1228 3102 32
1264 3069 1277 3111 11
1314 3070 1369 3101 52.
1396 3078 1578 3110 ψηφητον
1610 3065 1832 3101 tasselatum
1856 3066 1933 3101 cod.
1961 3065 1973 3106 3(

223 3132 276 3162 61.
306 3132 361 3163 02.
394 3128 439 3172 cf.
468 3140 506 3172 ρ.
542 3132 630 3171 190,
664 3132 727 3171 50,
762 3133 805 3163 ⁵1
844 3131 856 3174 ιι
895 3134 948 3164 63.
982 3129 1027 3172 ef.
1061 3128 1113 3162 Π
1134 3139 1171 3173 p.
1200 3130 1292 3170 472,
1319 3130 1390 3169 23,·
1417 3128 1510 3170 387,
1535 3128 1582 3161 16
1618 3127 1630 3171 ιι
1667 3129 1723 3160 69.
1750 3125 1827 3169 φήν
1853 3124 1929 3159 cod.
1954 3126 1964 3130 ”

223 3191 277 3222 70.
305 3189 487 3231 ἱμάντομα
514 3189 589 3223 cod.
613 3191 624 3233 ΙΙ
645 3191 699 3222 71.
728 3190 772 3232 cf.
796 3201 833 3233 p.
864 3193 947 3232 190,
975 3192 1018 3223 61
1040 3190 1051 3232 ΙΙ
