2271 3475
272 291 484 321 επεντουν
499 301 506 307 -
523 290 688 328 εκτωρα
713 274 921 330 lugebant
942 274 1129 312 ector-em

272 364 430 403 ομοιω(
459 373 466 380 -
494 364 560 391 και
586 371 595 380 ·
622 363 661 389 οι
688 371 696 378 ·
721 349 897 397 ελληνεε
931 342 1130 385 similiter

332 424 374 462 et
407 435 557 476 grecos

272 495 518 544 πατροκλον
549 489 789 546 patroclum

273 556 686 615 αναπυοομένουουν
719 559 1000 615 quisequente
1027 573 1130 614 ergo

237 655 253 679 5
274 639 437 689 αχιλλει
452 659 459 666 ·
476 646 861 686 κατοναρφαινεται
885 630 1029 672 achilli
1055 645 1132 686 per

334 707 548 749 somnium

274 782 658 832 πατροκλοελεγων
691 775 915 832 apparebit

274 864 631 902 ιναενταχειαυτω
664 848 882 904 patroclus
916 847 1060 889 dicens

272 927 586 976 τυμβονποιηεη
607 924 655 962 ut
676 936 804 976 quam
819 920 1078 961 celerissime
1094 919 1132 961 ei

158 1000 252 1048 [371]
272 999 432 1047 τυμβον
464 1008 615 1045 ποιηεη
648 992 864 1034 tumulum
895 992 1054 1033 faceret

221 1087 254 1111 10
274 1082 340 1109 και
368 1069 767 1118 αχιλλευεεποιηεεν
790 1063 1011 1105 etachilles
1031 1063 1133 1104 fecit

273 1154 340 1181 και
366 1162 374 1170 -
400 1153 476 1180 τα(
503 1162 509 1169 ·
537 1140 809 1189 κομαεετιλεν
851 1139 1039 1178 etcomas
1076 1135 1133 1176 la-

332 1210 469 1252 niauit

274 1298 340 1325 και
367 1305 375 1314 ·
404 1297 475 1324 εντ
502 1305 510 1314 ·
537 1284 833 1334 ωπυριεβαλεν
896 1279 1133 1336 etinignem

333 1354 451 1396 misit

275 1429 617 1477 (υλλεγεντωνδε
651 1424 829 1466 collecta
863 1439 966 1480 ergo
979 1422 1012 1480 ¹)

274 1513 500 1541 τωνοετων
534 1512 629 1539 ossa

222 1584 466 1615 151<0t1cuvre
500 1575 663 1612 θεντων
697 1568 992 1623 etcompositis

276 1655 697 1695 emw·q)1wvot†wva
718 1640 897 1682 funebre
919 1643 1134 1681 certamen

334 1713 436 1755 fecit

277 1799 477 1838 εποιηεην
510 1784 641 1840 inquo
675 1784 872 1826 uicerunt

277 1872 568 1911 ενωεποιηεαν
602 1871 809 1912 equorum

278 1933 746 1982 ιππωνταχειδιομηδηε

338 2002 554 2043 diomedes

813 1929 1087 1971 uelocitatem
1127 1953 1133 1959 ·

226 2098 258 2120 20
278 2078 687 2126 ϋποηραεπεμφθιεα
719 2074 743 2114 a
775 2072 933 2114 iunone
966 2072 1097 2114 missa

278 2144 674 2198 προετοναοᾙιλλεα
707 2144 759 2185 ad
791 2144 991 2186 achillem

279 2220 606 2269 πουλυδαμαεδε
638 2216 889 2271 poludamas
922 2218 1065 2257 autem

281 2302 639 2332 ειπενναεαυτουε
672 2287 779 2329 dixit
811 2289 906 2329 utse

281 2375 495 2413 εεωτιχων
517 2385 524 2391 -
546 2363 789 2413 φυλαξωειν
834 2359 947 2401 intra
991 2374 1137 2401 muros

341 2447 546 2475 conserua

229 2526 263 2551 25
283 2508 501 2556 αλλεκτωρ
535 2503 609 2545 sed
641 2502 799 2559 ‹actm-2²)

281 2590 624 2628 ταεναντιαεφον
657 2575 871 2617 contraria
902 2574 1095 2629 sapiebat

281 2663 348 2689 και
382 2671 389 2677 ·
423 2650 622 2699 αχιλλευ(
655 2671 663 2678 -

343 2733 496 2773 corpus

283 2793 538 2842 πατροκλωυ
561 2813 568 2820 -
590 2795 715 2832 Θαπτι
738 2790 919 2845 patrocli
942 2789 1141 2844 sepeliuit

284 2867 651 2914 καιθητιεητηεατο
685 2865 726 2902 et
759 2861 892 2903 thetis
923 2861 1033 2916 petit

696 2662 867 2700 τοεωμα
926 2646 1139 2687 etachillis

301 2960 320 2967 ᾳ

793 158 1214 198 HERMENEVMATA
1240 156 1501 192 LEIDENSIA

2045 274 2080 300 30

1813 334 2025 377 utachilli-

1168 282 1466 321 αποηφαιετου
1499 265 1708 307 abulcano

1166 347 1237 384 ἰ’να
1266 363 1275 372 ·
1305 341 1741 391 αχιλλευοπλαποιηει

1227 412 1507 454 armafaceret

1167 500 1192 537 η
1226 498 1404 538 φαιετοε
1437 487 1483 525 δε
1516 481 1725 524 bulcanus
1757 482 1902 522 autem

1170 571 1338 608 ενταχει
1359 580 1367 587 ·
1388 569 1564 607 nomeu<
1597 553 1792 595 celeriter
1823 551 1985 593 faciens

1169 630 1590 680 προεηνεγκενθετιδι
1623 625 1770 667 attulit
1801 623 1958 665 thetidi

1168 701 1701 752 κακινητονυιονοπλιεαεα
1740 696 1859 738 etilla
1889 694 2028 736 filium
2048 705 2082 731 35

1228 771 1413 814 armauit

1170 857 1574 897 ευψυχοτερνεπτον
1608 839 1946 883 etam'miciorem

1170 918 1565 968 πολεμοναπελιεεν
1587 938 1594 944 -
1614 915 1638 953 ἶ
1659 911 1712 970 ·3)
1784 911 2029 968 adpugnam

1232 987 1395 1028 dimisit

1172 1062 1543 1102 οδυεεευεδιδωειν
1575 1056 1713 1099 ulixes
1746 1056 1818 1098 dat

1171 1146 1341 1184 γνωμεν
1374 1129 1603 1173 consilium

1172 1207 1620 1247 οπωεεὲιοντεεειετον
1652 1203 1907 1243 utexeuntes

1171 1279 1364 1328 πολεμον
1397 1274 1642 1330 adpugnam

1171 1360 1657 1400 προτεροναριετηεωειν
1671 1345 2031 1400 antepranderent

1171 1415 1700 1475 επιταπιθειαγαμένονα4)
1727 1416 2031 1459 deindesuadet

1231 1506 1586 1547 agamemnonem

2048 1212 2084 1237 40

1170 1569 1214 1604 ϊα
1240 1587 1248 1594 -
1276 1567 1635 1615 αυπεεχετοδωρα
1677 1561 2031 1618 utquepollicitus

1233 1638 1323 1676 erat
1355 1650 1534 1677 munera

1173 1722 1319 1760 πεμψη
1353 1710 1528 1760 αχιλλευ
1561 1706 1753 1748 mitteret
1784 1706 1930 1748 achilli

1172 1785 1530 1831 τωνενεχθεντων
1569 1779 1726 1834 quibus
1762 1778 1919 1820 ablatis
1940 1803 1947 1809 -
1968 1793 2031 1819 ac-

1234 1854 1357 1906 cepta

1174 1926 1679 1976 λαβοντεεοιμυρμιδονε(
1729 1937 1826 1964 mur
1845 1946 1854 1954 ·
1882 1924 2032 1964 euntes

1233 1995 1427 2036 midones

1175 2081 1384 2119 παραταιε
1417 2081 1563 2119 νᾳυειν
1596 2066 1840 2108 circanaues

1175 2143 1367 2181 διετεκαν
1400 2141 1690 2194 exposuerunt

1175 2215 1634 2264 καιβρηεεειειταρουεα
1684 2210 1892 2252 etbreseis
1937 2225 2034 2251 cum
2053 2220 2087 2245 50

1235 2283 1424 2325 uenisset

2051 1716 2086 1741 45

1176 2359 1422 2408 πατροκλον
1453 2357 1578 2410 patro
1611 2354 1725 2395 clum

1175 2430 1516 2479 πολλαωλυρατο
1549 2425 1735 2467 multum
1766 2424 1923 2466 meruit

1175 2514 1242 2541 και
1265 2523 1272 2530 ·
1292 2513 1476 2551 τοτεηρα
1508 2501 1550 2539 et
1582 2501 1684 2539 tunc
1715 2497 1818 2538 iuno

1176 2584 1603 2614 ποιειενατωνιππων
1653 2568 1755 2610 fecit
1805 2583 1939 2610 unum
1982 2583 2035 2609 ex

1236 2643 1357 2698 equis

1177 2719 1417 2766 γονξανθον
1448 2713 1659 2755 xanthum

1178 2800 1288 2830 ειπιν
1304 2791 1679 2838 ανθρωπινηφωνη
1695 2783 1834 2826 dicere
1847 2782 2035 2824 humana

1237 2873 1342 2900 uoce

2054 2721 2088 2746 55

409 3041 440 3080 1)
463 3041 546 3082 post
577 3048 665 3081 ergo
699 3049 839 3072 erasum
869 3043 920 3074 est
946 3049 1032 3072 ossa
1050 3039 1062 3083 ΙΙ
1081 3039 1118 3082 2)
1146 3035 1211 3071 sed
1237 3036 1341 3069 ector
1366 3035 1407 3068 in
1432 3044 1566 3069 rasura
1585 3043 1657 3079 pro
1683 3041 1865 3066 conserua
1889 3030 2035 3075 scripsit

286 3111 330 3133 in.
359 3102 377 3132 1
399 3099 411 3142 ΙΙ
431 3099 466 3142 3)
494 3100 550 3132 ff·

286 3171 307 3192 n
333 3170 379 3192 w.
409 3161 428 3192 1
454 3158 591 3201 scripta
617 3168 720 3191 erasa
747 3162 830 3191 snut
852 3159 863 3201 Η

583 3098 776 3141 (((Ικσνίμκίὶ
804 3110 849 3132 m.
877 3102 895 3132 1
917 3100 929 3142 ΙΙ
949 3099 986 3142 4)
1011 3099 1050 3131 ‘in
1081 3095 1241 3142 sequenti
1265 3105 1369 3129 'versu
1393 3105 1493 3128 mmo
1517 3104 1618 3128 ‘mcnc
1641 3103 1756 3128 ‘cucur
1782 3102 1862 3125 ινα·
1878 3100 2034 3131 αυπεεχε
