2271 3475
264 172 319 214 98

263 284 457 324 fecerunt
484 281 566 323 sibi
594 281 721 322 duces
750 292 969 332 ηπουηεαν
991 291 1122 320 omme

324 368 536 406 ηγεμοναε

263 441 370 480 quos
408 425 460 466 ad
498 424 770 465 nobilitatem
807 436 881 464 ου(
914 434 1121 473 ηπιεημον

265 496 565 552 imperatui-iae
599 483 905 546 αυτοκρατοροι

263 568 488 625 dignitatis
520 571 715 618 ηξουειαε

227 658 243 682 r,
264 640 403 681 aureis
437 638 638 680 cornibus
671 651 866 689 χρυεηοι(
898 650 1070 688 κηραειν

264 712 524 753 ornauerunt
556 723 793 761 ηκοεμηεαν

264 787 306 824 et
339 782 482 824 subito
517 796 582 822 και
616 784 797 832 εΞεφνηε

264 869 409 910 pugna
448 852 677 894 oummissa
714 854 1123 904 μαχηευνβληθηιεε(

264 941 407 968 mures
440 926 647 980 fugerunt
680 939 718 965 01
754 937 829 975 μυ(
861 937 1022 975 ηφιγον

213 1019 244 1042 ιο
266 999 392 1039 duces
424 999 568 1038 autem
600 994 809 1051 prohibiti
836 1008 1046 1046 ηγεμονη(
1077 997 1123 1035 δε

326 1073 595 1120 κολυομηνου

266 1143 442 1197 propter
474 1154 632 1181 cornua
665 1143 734 1181 δια
766 1152 946 1189 κερατον

268 1213 396 1255 occisi
430 1214 531 1253 sunt
565 1215 852 1263 εφονηιθηεαν

267 1286 327 1327 sie
360 1285 403 1325 in
436 1284 643 1324 honorem
677 1296 804 1323 ουτος
836 1295 899 1333 mc
932 1295 1054 1332 τιμην

268 1357 378 1398 datis
399 1355 646 1412 gaudebant
666 1368 754 1395 τοι(
775 1357 934 1395 bootem
953 1366 1127 1403 εχαιρον

217 1447 248 1471 15
268 1429 382 1484 quod
418 1425 680 1469 eontrarium
714 1440 778 1467 οτι
812 1438 1009 1466 εναντῑον

268 1501 321 1541 ab
344 1500 404 1541 eis
424 1498 538 1554 passi
561 1500 661 1539 sunt
682 1494 930 1551 απαυτωνῙ)
954 1500 1128 1537 επαθων

269 1572 425 1613 Nescio
453 1570 548 1625 quis
574 1572 696 1625 pater
722 1568 908 1609 familias
935 1582 995 1609 τι(
1022 1581 1127 1608 ποτε

331 1647 634 1694 οικοδεεποτη(

269 1716 480 1771 nauigans
525 1714 568 1754 in
613 1712 719 1754 mari
768 1715 917 1764 πληων
963 1725 1010 1753 εν
1055 1716 1126 1753 Θα-

330 1792 459 1830 >iaceo

270 1861 525 1914 tempestate
558 1857 783 1898 laborabat
810 1870 893 1897 υπο
921 1867 1129 1906 χειμωνο(

331 1945 481 1973 exornet

153 2007 249 2053 [asa]
273 2006 315 2044 et
346 2004 476 2043 naute
510 2016 576 2043 και
609 2015 647 2042 01
681 2015 830 2042 ναυται

218 2093 249 2116 21
273 2074 482 2116 infirmius
520 2071 790 2125 remigabant
829 2082 1128 2120 αετενεετερον

332 2148 615 2188 εκοπιλατουν

272 2219 448 2273 propter
486 2217 785 2270 tempestatem
825 2217 893 2255 δια
928 2227 1004 2254 του
1043 2226 1137 2264 χε1-,

333 2303 474 2342 μωνοε

275 2361 431 2417 quibus
462 2360 591 2400 homo
625 2358 732 2399 dixit
762 2362 983 2408 οειανθρο(
1010 2369 1128 2397 ειπεν

276 2432 535 2487 uos'inquid
566 2445 681 2483 υμειε
714 2443 839 2482 φηςιν

223 2505 357 2547 <anisi
403 2504 512 2544 hano
554 2517 710 2544 nauem
749 2516 784 2543 ει
824 2515 872 2552 με
913 2514 1042 2542 τουτο
1080 2513 1129 2540 το

337 2579 490 2618 πλοιον

278 2647 457 2689 celerius
490 2644 653 2687 ducatis
684 2658 935 2696 ταχοιτερον
967 2657 1064 2694 αγοι

280 2719 491 2774 lapidibus
530 2732 607 2759 uos
645 2715 841 2757 deiiciam
876 2718 1007 2758 λιθοιε
1040 2727 1133 2766 ιμα(

339 2792 565 2842 καταβαλω

280 2865 383 2902 tuno
433 2875 543 2902 unus
593 2875 644 2901 ex
695 2860 756 2901 eis
807 2857 916 2900 dixit
963 2871 1061 2900 τοτε
1114 2871 1133 2899 ε

342 2937 517 2975 εὲαιτων
551 2946 668 2974 ειπεν

282 3003 439 3045 uellem
471 3001 585 3043 enim
616 3004 772 3053 ηθελον
804 3016 886 3053 γαρ

813 168 875 203 FR
882 168 981 204 AGM
988 166 1157 202 ENTVM
1184 165 1296 201 PARI
1302 165 1454 200 SINVM

1162 276 1205 317 in.
1232 275 1306 317 illo
1332 275 1427 316 1000
1449 288 1638 316 essemus
1658 288 1710 326 ην
1732 287 1883 326 εκηινω
1904 287 2014 315 τοπο
2035 289 2069 314 30

1221 362 1364 400 ειημεν

1161 420 1233 461 ubi
1268 419 1433 475 lapides
1466 433 1577 461 οπου
1611 421 1718 461 λιθοι

1161 491 1306 547 colligi
1339 490 1506 546 possint
1539 493 1775 532 ευνλεινναι
1809 492 1993 541 δυνηντο

1159 563 1274 604 uitae
1306 565 1477 604 nostrae
1510 577 1559 614 τη
1593 566 1789 614 Ξωηνμον

1161 635 1348 676 baiolare
1382 634 1586 675 debemus
1621 637 1837 686 βαεταξειν
1866 635 2018 685 οφιλο-

1221 721 1301 759 μην

1161 778 1381 820 breuiores
1420 778 1605 819 iacturas
1643 791 1718 819 τοι(
1750 790 2019 829 κουφοτεραε
2040 790 2073 815 35

1221 854 1367 902 Ζημιαε

1163 925 1210 963 ut
1242 921 1463 978 grauiores
1496 935 1624 962 ποπω
1660 924 1892 973 βαρυτεραε

1163 993 1420 1049 effugiamus
1453 1006 1717 1044 εκφυγοιμην

1164 1065 1316 1107 (ἳειῇᾑυς
1349 1062 1600 1120 simulans‘2)
1633 1067 2021 1116 ελουροετιροεποι-

1223 1151 1404 1188 ουμενοε

1164 1208 1351 1250 natalem
1390 1207 1604 1249 celebrare
1639 1209 2021 1260 γεννηεληιενατον

1165 1296 1266 1321 aues
1299 1279 1352 1320 ad
1385 1290 1531 1321 cenam
1565 1278 1737 1319 uocauit
1769 1293 1926 1330 ορνηαε
1954 1293 2021 1320 επι
2041 1293 2077 1317 40

1226 1356 1380 1393 διπνον
1413 1365 1584 1403 εκηεεεν

1167 1423 1317 1464 deinde
1351 1438 1447 1464 oum
1480 1422 1752 1463 obseruasset
1783 1437 1911 1474 ηπιτα
1943 1437 2021 1464 πα-

1227 1509 1485 1547 ρατετηρικω

1168 1567 1436 1607 introeuntes
1469 1570 1736 1618 ειεεδηονταε

1167 1638 1319 1679 elausit
1352 1637 1542 1679 hostium
1572 1641 1761 1689 εκλειεην
1787 1651 1865 1689 την
1891 1642 2024 1689 θυραν

1167 1713 1208 1750 et
1242 1709 1496 1765 singillatim
1529 1723 1595 1751 και
1628 1723 1806 1751 κατεναε

1167 1781 1307 1836 eoepit
1340 1780 1561 1822 comedere
1593 1784 1749 1833 ηρΞατο
1783 1794 1940 1832 φαγειν

1167 1854 1271 1894 haee
1303 1853 1450 1893 fabula
1482 1865 1608 1894 ουτος
1640 1866 1664 1893 o
1698 1857 1828 1903 μυθο(

1168 1928 1267 1980 apta
1293 1927 1357 1965 est
1386 1924 1428 1965 in
1455 1939 1527 1965 eos
1553 1938 1755 1975 ηρμοεται
1775 1937 1834 1965 ει(
1854 1937 2025 1975 ηκινουε

1167 1997 1239 2051 qui
1268 1996 1321 2037 ad
1345 2011 1463 2051 spem
1485 2010 1524 2037 01
1545 2009 1653 2047 προ(
1674 1997 1854 2037 ελπιδαν
1875 1998 2025 2046 ιλαρην

1166 2068 1347 2109 hilarem

2044 1795 2080 1819 45

1167 2139 1379 2181 contraria

1225 2225 1457 2263 παεχουειν

1169 2282 1327 2324 Cornix
1360 2281 1510 2323 sitiens
1544 2283 1715 2333 Κορωνε
1749 2283 1953 2332 διψαετη(

1167 2354 1344 2396 accessit
1383 2354 1435 2394 ad
1474 2368 1625 2394 urnam
1664 2357 1877 2404 προεαθεν
1915 2365 2022 2403 προ(
2044 2359 2145 2406 [31b]

1228 2430 1376 2478 υδριαν

1169 2501 1211 2540 et
1256 2513 1349 2539 eam
1388 2496 1623 2538 conabatur
1661 2496 1828 2535 uertere
1869 2508 2025 2536 καιται-

1446 2139 1670 2194 patiuntur
1737 2152 1790 2179 τα
1853 2150 2025 2179 εναντια
2045 2152 2080 2177 50

1228 2566 1595 2634 τηνεπῑεΞητοναῖ

1171 2653 1245 2695 sed
1283 2667 1379 2694 cum
1418 2666 1505 2693 non
1542 2651 1686 2705 posset
1725 2651 1836 2691 αλλα
1875 2663 1927 2700 μη
1966 2651 2026 2690 δι-

1231 2738 1461 2776 ναιναμενη

1171 2795 1386 2851 lapidibus
1419 2809 1512 2835 eam
1542 2791 1738 2848 impleuit
1763 2794 1881 2834 λιθυ(
1907 2803 2027 2843 αιτην
2048 2800 2082 2825 55

1233 2870 1426 2918 επλερωε

1174 2952 1355 2993 quorum
1387 2935 1663 2978 multitudine
1696 2949 1758 2977 ων
1785 2947 1846 2976 τω
1873 2935 2027 2984 πληθηι

1174 3008 1407 3050 exundauit
1433 3022 1543 3063 aqua
1569 3010 1812 3059 υπερηχυθη
1838 3018 1888 3046 το
1912 3006 2027 3055 υδωρ

405 3159 438 3202 1)
466 3169 486 3190 o
513 3167 557 3189 ‹zc
584 3167 593 3189 1
619 3165 708 3189 corr.
729 3156 742 3199 ΙΙ
761 3156 797 3196 2)
825 3166 846 3186 u
870 3164 939 3197 pro
966 3152 977 3186 i
1004 3163 1083 3196 Suq).
1110 3162 1175 3186 ser.
1203 3163 1247 3185 m.
1279 3154 1294 3184 1
1316 3151 1327 3194 ΙΙ
