2271 3505
828 146 1104 193 COLLOQVIA
1132 150 1453 188 MONACENSIA
1937 158 2019 200 651

312 255 468 305 θέλεις;
515 255 662 298 Ταῦτα
700 256 829 310 μόνα,
875 259 1116 312 παιδάριον.

312 327 450 377 ὕπαγε
478 328 587 379 πρὸς
614 327 741 371 Γάϊον
768 331 835 371 καὶ
862 330 954 373 εἰπὲ
982 332 1118 388 αὐτῷ·

310 397 451 442 Ἐλθέ
466 399 632 442 ἐκεῖθεν
647 402 912 453 λουςώμεθα.
932 403 1115 456 Ὕπαγε,

309 472 454 526 τρέχε,
508 474 675 524 ταχέως
727 474 925 526 ποίηςον·
984 478 1116 528 μηδὲν

310 543 504 597 βράδιον,
538 544 692 599 <ἀλλ’>
730 546 870 589 εὐθύς.
934 546 1114 598 Ἐγένου

308 617 415 669 πρὸς
460 617 612 673 αὐτόν;
660 618 908 671 Ἐγενόμην.
970 620 1113 663 Ὅπου

305 690 378 744 ἦν;
412 689 483 732 Εἰς
515 692 593 742 τὴν
621 690 758 732 οἰκίαν
786 691 980 744 ἐκάθητο.
1039 694 1113 735 Καὶ

304 761 342 803 τί
387 762 544 817 ἐποίεις
593 761 883 815 Ἐφιλολόγει.
949 766 1023 806 Καὶ
1074 765 1112 807 τί

303 833 443 890 εἶπεν;
506 835 618 877 Τοὺς
681 836 810 888 ἐμοὺς
871 837 1110 888 ἐκδέχομαι.

301 907 503 960 ἔρχονται
539 909 606 950 καὶ
640 907 880 952 ἀκολουθῶ.
937 909 1109 960 Ὕπαγε

301 980 432 1022 πάλιν
489 981 558 1022 καὶ
609 981 701 1024 εἰπὲ
751 981 886 1037 αὐτῷ·
937 981 1109 1024 Πάντες

300 1051 385 1096 ὧδέ
414 1053 526 1096 εἰςιν.
581 1055 655 1096 ςὺν
682 1054 801 1109 αὐτῷ
827 1054 937 1098 ἐλθέ.
990 1054 1108 1105 ὑμεῖς

298 1127 407 1168 τέως
434 1127 608 1169 ςύνθετε
637 1128 850 1178 ἐπιμελῶς
876 1127 929 1168 τὰ
952 1126 1107 1169 ὑάλινα

298 1200 366 1241 καὶ
399 1199 452 1240 τὰ
485 1200 757 1251 χαλκώματα.
811 1199 1023 1250 ςτρώςατε
1055 1199 1104 1240 τὸ

296 1271 511 1324 τρίκλινον
551 1273 619 1313 καὶ
658 1271 811 1324 ῥίψατε
852 1271 934 1313 ἔξω
975 1272 1104 1323 ὕδωρ.

297 1345 410 1387 θέλω
457 1344 565 1387 ἰδεῖν
607 1344 666 1385 ὡς
706 1343 929 1386 νεανίςκοι.
992 1343 1101 1395 Ἤδη

294 1418 574 1469 ἐςτρωςαμεν.
631 1416 773 1458 πάντα
807 1415 956 1467 ἕτοιμά
989 1416 1101 1457 εἰςιν.

294 1490 480 1532 Οὐδέπω
544 1490 694 1543 ἦλθεν;
763 1487 945 1543 ἄπελθε,
1008 1488 1100 1530 εἰπὲ

293 1562 427 1618 αὐτῷ·
455 1561 564 1614 Ὀψὲ
585 1562 693 1613 ἡμᾶς
714 1563 853 1603 ποιεῖς
875 1559 1100 1612 ἀριςτῆςαι.

293 1633 403 1678 Ἰδοὺ
454 1635 596 1688 ἦλθεν.
662 1635 925 1685 ςυνάντηςον
971 1633 1099 1688 αὐτῷ.

292 1707 378 1751 ὧδε
404 1707 575 1760 ἤρχετο.
623 1705 924 1758 παρακάλεςον
953 1705 1098 1748 αὐτόν.

290 1780 339 1822 Τί
372 1780 454 1823 ἔξω
489 1782 668 1835 ςτήκεις;

232 1855 296 1894 10.
334 1853 548 1903 Κατάγετε
589 1852 753 1905 ςάβανα
790 1851 849 1893 εἰς
882 1851 932 1892 τὸ
967 1853 1096 1903 βαλα-

289 1930 428 1981 νεῖον,
460 1927 651 1980 ξύςτρον,
684 1923 984 1976 προςοψίδιον,
1018 1937 1095 1965 πο-

287 1998 536 2053 δεκμάγιον,
574 1999 781 2050 λήκυθον,
815 1994 1094 2047 ἀφρόνιτρον.

288 2070 522 2123 προάγετε,
587 2070 740 2123 λάβετε
806 2069 883 2110 τὸν
943 2067 1093 2110 τόπον.

285 2144 383 2186 Ποῦ
423 2145 630 2198 κελεύεις;
677 2142 708 2184 ’ς
748 2142 797 2184 τὸ
831 2139 1035 2192 δημόςιον
1069 2142 1093 2193 ἢ

284 2217 333 2258 ἐν
365 2220 426 2272 τῷ
461 2216 678 2271 ἰδιωτικῷ;
709 2215 853 2257 Ὅπου
882 2213 1091 2256 κελεύετε.

282 2289 510 2340 Προάγετε
551 2288 704 2341 μόνον·
745 2286 843 2338 ὑμῖν
878 2286 1010 2336 λέγω,
1051 2287 1091 2327 οἳ

284 2362 438 2403 ἐνθάδε
497 2362 602 2404 ἐςτέ.
674 2359 845 2410 Θερμὸν
902 2359 1091 2407 γενέςθω

284 2435 395 2485 ἡμῖν.
446 2434 581 2477 Ὅςον
617 2432 861 2482 ὑπάγομεν,
900 2432 1091 2482 διηγήςο-

283 2506 354 2558 μαί
376 2520 450 2549 ςοι.
485 2506 693 2559 Ἐγείρου,
713 2503 897 2554 ἄγωμεν.
934 2502 1090 2545 Ἔνθεν

283 2580 421 2622 θέλεις
473 2579 542 2621 διὰ
592 2582 667 2630 τῆς
718 2577 844 2618 ςτοᾶς
896 2575 966 2616 διὰ
1012 2577 1090 2618 τὸν

280 2651 473 2706 ’ί-πετον;
525 2652 638 2703 Μήτι
684 2650 823 2692 θέλεις
868 2648 1012 2690 ἐλθᾰν
1059 2648 1089 2690 ’ς

280 2725 358 2766 τὸν
409 2723 666 2777 ἀφεδρῶνα;
719 2721 868 2763 Καλῶς
913 2734 963 2772 με
1010 2721 1087 2762 ὑπ-

279 2797 481 2852 έμνηςας,
536 2796 562 2847 ἡ
621 2792 760 2836 κοιλία
812 2805 861 2844 με
914 2792 1086 2844 ἐπείγει.

279 2867 454 2921 ἄγωμεν
518 2867 685 2912 λοιπόν.
756 2863 967 2908 Ἔκδυςόν
1024 2882 1086 2920 με,

278 2941 498 2983 ὑπόλυςόν
537 2957 605 2995 με,
653 2939 803 2984 ςύνθεε
842 2938 895 2979 τὰ
933 2938 1086 2993 ἱμάτια,

278 3013 495 3066 πεβίβαλε,
516 3017 634 3067 τήρει
654 3019 810 3061 καλῶςῑ
831 3013 885 3065 μὴ
908 3014 1084 3061 νύςταζε

277 3085 348 3127 διὰ
379 3087 480 3128 τοὺς
512 3088 710 3132 κλέπτας.
764 3091 959 3144 ἅρπαξον
985 3092 1085 3144 ἡμῖν

278 3157 482 3211 ςφαῖραν·
523 3160 741 3213 παίξωμεν
780 3164 829 3206 ἐν
864 3168 926 3221 τῷ
960 3179 1078 3218 ςφαι-

1217 265 1259 304 et
1299 263 1365 305 dic
1398 263 1481 306 illi:
1523 264 1647 322 Veni,
1684 267 1781 310 inde
1814 269 2021 314 lauemus.

1216 334 1354 391 Vade,
1386 351 1528 394 curre,
1561 337 1647 380 cito
1680 340 1764 396 fac,
1796 341 1906 384 nihil
1939 346 2021 386 tar-

1216 407 1329 463 dius,
1382 409 1456 450 sed
1507 409 1710 453 uelocius.
1775 413 1915 457 Fuisti
1967 417 2019 459 ad

1215 479 1387 535 ipsum?
1424 480 1517 524 Fui.
1568 482 1655 525 Vbi
1690 486 1811 527 erat?
1848 487 1918 529 Ad
1950 489 2019 532 do-

1214 567 1334 594 mum
1361 553 1548 596 sedebat.
1587 556 1647 598 Et
1674 557 1777 613 quid
1803 560 2019 606 faciebat?

1215 623 1437 667 Studebat.
1488 627 1549 669 Et
1582 629 1686 684 quid
1719 631 1858 675 dixit?
1897 635 2019 680 Meos

1213 700 1410 753 expect03
1431 699 1614 743 ueniunt
1636 705 1678 744 et
1699 719 1865 760 sequor.
1898 708 2017 752 Vade

1211 768 1370 812 iterum
1416 775 1459 813 et
1502 772 1567 815 die
1612 774 1694 817 issi:
1747 776 1907 822 Omnes
1948 782 2018 825 hio

1211 845 1322 884 sunt.
1387 858 1484 886 evum
1536 846 1610 889 illo
1659 849 1769 891 ueni.
1834 867 1912 895 uos
1956 854 2016 896 in-

1210 914 1338 957 terim
1387 919 1632 974 componite
1678 921 1911 979 diligenter
1956 928 2015 969 ui-

1209 987 1421 1030 treamina
1454 993 1496 1031 et
1524 997 1780 1036 aeramenta.
1834 999 2014 1042 sternite

1208 1060 1478 1103 cenationem
1549 1067 1591 1105 et
1653 1066 1835 1121 proicite
1897 1071 2014 1114 foras

1207 1146 1374 1187 aquam.
1426 1134 1527 1177 uolo
1562 1136 1707 1180 uidere
1741 1141 1863 1195 quasi
1897 1142 2013 1186 iuue-

1205 1219 1292 1246 nes.
1350 1205 1442 1248 Iam
1470 1209 1715 1253 strauimus.
1771 1214 1916 1256 omnia
1942 1232 2012 1272 pa-

1205 1280 1297 1318 rata
1325 1281 1436 1320 sunt.
1488 1279 1693 1324 Nondum
1714 1285 1865 1327 uenit‘?
1892 1289 2012 1345 uade,

1204 1348 1271 1390 die
1300 1348 1382 1391 illi:
1418 1349 1521 1393 Sero
1548 1369 1628 1395 nos
1656 1356 1762 1399 facis
1788 1360 2010 1413 prandere.

1203 1420 1314 1462 Ecce
1349 1423 1480 1465 uenit.
1534 1440 1708 1470 occurre
1742 1430 1790 1471 ei.
1842 1431 1913 1474 hie
1943 1448 2011 1476 ue—

1201 1493 1359 1536 niebat.
1413 1512 1519 1554 roga
1558 1498 1692 1542 illum.
1746 1502 1857 1553 Quid
1894 1505 2010 1548 foras

1201 1567 1319 1609 stas?

1142 1858 1205 1898 1⁴».
1253 1857 1430 1900 Deferte
1483 1862 1643 1904 sabana
1691 1865 1743 1906 ad
1790 1866 2019 1925 balneum,

1197 1929 1424 1986 strigilem,
1457 1932 1620 1990 faciale,
1653 1923 1815 1994 pedale,
1843 1941 2004 1996 ampul-

1196 2000 1300 2057 lam,
1364 2004 1677 2059 aphronitrum.
1751 2012 2004 2069 antecedite,

1196 2079 1401 2130 occupate
1436 2077 1590 2121 locum.
1644 2080 1729 2122 Vbi
1764 2082 1916 2127 iubes?
1950 2086 2003 2127 ad

1195 2146 1386 2190 thermas
1437 2153 1512 2192 aut
1561 2151 1605 2194 in
1648 2153 1851 2208 priuato?
1914 2157 2002 2200 Vbi

1194 2219 1364 2263 iubetis.
1416 2223 1673 2267 Antecedite
1704 2230 1896 2285 tantum3
1930 2246 2000 2273 uo-

1196 2292 1262 2335 bis
1301 2293 1414 2349 dico,
1454 2296 1527 2351 qui
1568 2297 1638 2340 hic
1672 2299 1786 2342 estis.
1853 2302 2001 2346 Calida

1192 2365 1268 2406 fiat
1288 2366 1426 2408 nobis.
1467 2368 1646 2418 Quando
1669 2371 1793 2428 imus,
1813 2377 1998 2418 narrabo

1192 2437 1283 2478 tibi.
1350 2437 1506 2497 Surge,
1553 2457 1710 2486 eamus.
1772 2446 1887 2489 Hinc
1932 2449 1999 2491 uis

1190 2525 1266 2565 per
1310 2512 1549 2569 porticum,
1600 2520 1777 2572 propter
1821 2519 1998 2563 lumen?

1190 2581 1413 2639 Numquid
1462 2585 1529 2628 uis
1575 2589 1721 2632 uenire
1767 2592 1820 2633 ad
1866 2608 1997 2636 seces-

1189 2656 1315 2697 sum?
1391 2656 1507 2700 Bene
1582 2676 1650 2703 me
1721 2663 1997 2721 admonuisti,

1189 2730 1341 2770 uenter
1391 2745 1458 2771 me.
1508 2732 1640 2789 cogit.
1705 2750 1852 2779 eamus
1897 2738 1994 2781 iam.

1186 2799 1375 2855 Expolia
1407 2818 1493 2858 me,
1527 2804 1729 2849 discalcia
1761 2824 1847 2865 me,
1884 2825 1993 2853 com-

1186 2886 1298 2927 pone
1333 2874 1612 2933 uestimenta,
1645 2881 1836 2937 cooperi,
1869 2898 1995 2925 serua

1187 2943 1318 3000 bene,
1356 2961 1411 2988 ne
1444 2948 1688 2995 addormias
1719 2957 1899 3009 propter
1931 2956 1992 2998 fu—

1185 3031 1264 3059 res.
1334 3034 1437 3075 rape
1491 3022 1618 3065 nobis
1667 3025 1818 3081 pilam3
1875 3026 1991 3069 luda-

1183 3103 1280 3131 mus
1331 3091 1376 3134 in
1418 3093 1737 3149 sphaeristerio.
1802 3100 1990 3142 exerceri

1183 3160 1283 3204 uolo
1311 3162 1355 3205 in
1382 3170 1608 3210 ceromate.
1656 3169 1753 3211 ueni
1775 3170 1989 3215 luctemus
