2214 3480
232 178 320 221 240

233 291 448 342 χοραύλης
481 288 704 331 choraules

234 363 466 414 μεςόχορος
499 361 776 403 mesochorus

234 435 419 486 αὐλητής
451 433 796 488 symphoniacus,
828 432 991 474 tibicen

232 509 556 559 κερατοπωλλοι
590 505 788 546 cornicen

197 595 214 621 5
233 579 445 630 ὑδραύλης
479 577 733 634 organarius

233 651 273 693 οἱ
305 651 512 702 ὑδραῦλαι
545 649 696 705 organi

91 727 215 773 [1651]
237 722 452 775 ὁμηριςταί
484 721 745 763 homeristae

233 794 438 849 κωμῳδός
471 794 700 835 comoedus

231 866 454 922 τραγῳδός
487 865 720 921 tragoedus

180 956 212 980 10
231 940 284 981 τὰ
314 932 524 991 πρόςωπα
556 953 766 992 personae

231 1013 455 1064 πορκιςτής
487 1010 780 1065 pantomimus

231 1084 531 1136 ὀψιοπαίκτης,
564 1085 944 1136 παροφθαλμιςτής
976 1098 1093 1138 prae-

290 1155 493 1212 stigiator

231 1228 512 1282 νευροβάτης,

290 1299 421 1342 bulus

233 1372 567 1424 ςφαιροπαίκτης
602 1372 781 1427 pilarius

178 1461 210 1485 15
230 1444 486 1496 ποδοψόφοι
519 1444 684 1498 podarii

572 1228 851 1280 ςχοινοβάτης
914 1228 1094 1270 funiam-

89 1617 215 1663 [165u]
238 1625 321 1655 VIII
354 1612 432 1654 ὅςα
464 1613 511 1654 ἐν
545 1614 699 1668 ςταδίῳ
739 1628 847 1667 quae
881 1612 922 1653 in
957 1612 1095 1653 stadio

229 1687 254 1737 ἡ
287 1687 381 1737 τιμή
414 1685 554 1725 honor

229 1759 279 1799 τὸ
313 1757 503 1799 ἔπαθλον
537 1756 775 1811 praemium

229 1831 279 1870 τὸ
315 1832 515 1881 βραβεῖον
550 1828 761 1882 brauium,
793 1829 936 1884 palma

177 1918 211 1943 20
231 1901 255 1942 ὁ
289 1903 500 1953 ςτέφανος
533 1916 690 1941 corona

232 1974 256 2014 ὁ
289 1973 410 2024 ἀγών
444 1976 658 2014 certamen

230 2047 255 2097 ἡ
289 2046 375 2097 ἔρις
408 2045 627 2086 contentio

232 2117 256 2158 ὁ
289 2116 472 2169 ἀθλητής
505 2117 669 2157 athleta

233 2189 257 2230 ὸ
290 2190 448 2240 πύκτης
480 2189 603 2244 pugil

177 2277 212 2302 25
233 2261 273 2303 οἱ
307 2264 478 2313 δρομεῖς
512 2275 706 2302 cursores

232 2332 271 2374 οἳ
304 2333 530 2374 παλαιςταί
563 2332 877 2387 pancratiastae

232 2404 271 2445 οἱ
304 2404 531 2454 ἀγωνιςταί
564 2407 796 2446 certatores

232 2477 272 2518 οἱ
305 2477 512 2519 ὃιςκευταί

233 2549 444 2600 ςυνδρομή
479 2548 702 2589 concursio

180 2637 214 2662 30
235 2620 439 2671 ςύγκριςις
471 2620 734 2675 comparatio

233 2691 450 2743 ςύμβλημα
483 2691 727 2733 commissio

232 2763 258 2814 ἡ
293 2763 437 2815 βαλβίς

234 2834 258 2874 ὁ
308 2834 515 2889 καμπτός,
560 2836 584 2887 ἡ
637 2836 783 2891 νύςςα,
829 2836 852 2878 ὁ
899 2839 1091 2890 καμπτήρ

293 2919 481 2946 carceres
990 2916 992 2919 ·

717 175 1133 214 HERMENEVMATA
1161 176 1503 214 EINSIDLENSIA

1132 301 1181 330 IX
1213 288 1291 331 ὅςα
1323 289 1370 332 ἐν
1404 289 1680 346 ἀμφιθεάτρῳ
1707 305 1814 345 qilae
1841 289 1886 332 in
1912 306 1996 333 am·
2022 290 2140 338 [1661‘]

1191 361 1440 416 phitheatro

1132 434 1157 484 ἡ
1191 435 1410 486 φιλοτιμία
1443 449 1600 475 munus
2016 462 2050 487 35

1134 505 1158 546 ὁ
1191 506 1418 558 φιλότιμος
1453 506 1591 547 editor
1624 507 1815 548 muneris

1132 578 1182 619 τὸ
1215 578 1472 631 περιβόητον
1506 578 1719 620 famosum

1133 650 1173 691 οἱ
1204 649 1330 692 τόποι
1361 649 1456 692 loca

1131 723 1157 774 ἡ
1190 723 1303 774 πύλη
1336 725 1462 777 porta

1133 794 1173 836 οἱ
1208 795 1358 847 βαθμοί
1391 794 1551 851 gradus

1133 866 1174 907 αἱ
1207 866 1348 910 ἔξοδοι
1381 866 1612 908 uomitoria

1133 938 1157 979 ὁ
1190 939 1346 982 κύαθος
1380 939 1573 994 cyathus,
1606 939 1749 980 cotula

1133 1011 1156 1062 ἡ
1190 1012 1453 1064 ψηφοφορία
1485 1011 1740 1068 suffragium

2014 823 2050 847 40

1126 1083 1156 1134 ’ἡ
1191 1082 1327 1136 ἄμμος
1359 1083 1519 1126 harena

1133 1154 1173 1196 οἱ
1206 1154 1446 1208 παράβολοι
1480 1156 1695 1197 harenarii
1898 1196 1900 1198 .
2015 1183 2050 1208 45

1133 1226 1173 1268 oi
1206 1228 1381 1280 κυνηγοί
1414 1231 1642 1270 uenatores

1132 1299 1156 1350 ἡ
1190 1301 1335 1353 ζιβύνη
1370 1302 1633 1343 uenabulum

1133 1370 1157 1411 ὁ
1191 1373 1450 1424 θηριομάχος
1484 1374 1728 1429 bestiarius,
1762 1377 1943 1416 uenator

1134 1442 1158 1483 ὁ
1193 1446 1443 1496 δικτυοῦχος
1476 1446 1677 1487 retiarius

1135 1515 1160 1556 ὃ
1193 1515 1429 1559 ἀκόλουθος
1463 1521 1634 1559 secutor
2016 1544 2050 1568 50

1136 1588 1175 1629 oi
1209 1589 1445 1641 μονομάχοι
1480 1589 1742 1645 gladiatores

1135 1660 1176 1702 οἱ
1208 1662 1410 1716 πηδηταί,
1449 1662 1487 1703 οἱ
1521 1662 1766 1714 ἁλματιςταί
1800 1662 1996 1704 salitores

1135 1734 1175 1775 οἱ
1208 1735 1441 1786 προκληταί
1475 1737 1781 1789 prouocatores

1132 1805 1171 1846 οἱ
1205 1806 1440 1858 ῥαβδοῦχοι
1474 1806 1648 1847 lictores

1132 1877 1156 1917 ὁ
1189 1879 1336 1929 δήμιος
1369 1878 1559 1930 carnifex
2012 1891 2137 1938 [156⁸]

1132 1950 1156 1990 ὁ
1188 1949 1412 1992 κατάδικος
1446 1950 1730 1992 damnaticius
2014 1976 2048 2001 56

1132 2021 1156 2062 ὁ
1189 2022 1476 2075 δενδροβάτης
1509 2022 1754 2064 arborarius

1131 2093 1171 2135 οἱ
1204 2095 1387 2146 Θεριςταί
1420 2110 1630 2136 messores

1132 2166 1173 2207 αἱ
1206 2167 1366 2218 πυγμαί
1398 2181 1544 2222 pugna

1130 2240 1154 2290 ἡ
1188 2239 1501 2291 περικεφαλαία
1535 2238 1657 2294 galea

1132 2310 1155 2351 ὁ
1189 2310 1327 2362 λόφος
1360 2310 1490 2352 crista

1130 2383 1154 2434 ἡ
1190 2385 1336 2435 ςιδηρᾶ
1368 2382 1506 2424 ferrea

2012 2253 2047 2278 60

1132 2565 1162 2593 X
1195 2552 1273 2593 ὅςα
1300 2552 1348 2593 ἐν
1374 2551 1644 2606 ἱπποδρομίῳ
1672 2566 1780 2606 quae
1808 2550 1852 2592 in
1879 2551 1991 2593 circo
2017 2563 2134 2610 [167¹]

1132 2624 1156 2665 ὁ
1188 2624 1456 2675 ἱππόδρομος
1489 2622 1627 2664 circus

1132 2696 1173 2736 αἱ
1205 2695 1484 2747 ἱπποδρομίαι
1518 2694 1728 2737 circenses
1759 2695 1849 2736 ludi
2011 2708 2045 2734 65

1132 2767 1173 2809 αἱ
1206 2767 1368 2819 νικηταί
1401 2766 1587 2808 uictores

1132 2839 1171 2880 οἱ
1203 2842 1444 2891 καμπτῆρες
1478 2853 1678 2893 carceres,
1712 2841 1849 2880 metae

1130 2912 1154 2962 ἡ
1189 2911 1316 2952 νύςςα
1348 2913 1474 2965 meta,
1507 2911 1600 2952 calx

355 3063 385 3094 3.
415 3060 579 3104 ἀυληγης
607 3061 682 3095 cod.
721 3063 733 3105 ΙΙ
770 3066 802 3097 4.
830 3064 875 3106 ef.
898 3075 938 3108 p.
961 3065 1046 3107 172,
1073 3067 1131 3099 47.
1158 3074 1225 3099 scr.
1253 3065 1483 3108 κεραταύλης
1520 3066 1530 3110 ΙΙ
1567 3069 1598 3099 5.
1625 3064 1849 3108 ὑδραυλιγής
1874 3064 1950 3099 cod.
1976 3063 1988 3110 Η

237 3123 291 3154 11.
313 3120 358 3162 cf.
374 3131 413 3163 p.
435 3123 521 3162 172,
542 3122 620 3164 5611
643 3124 693 3154 12.
717 3122 762 3164 ef.
779 3133 818 3165 p.
839 3126 925 3165 172,
946 3126 995 3159 42
1015 3125 1027 3168 ΙΙ
1049 3126 1103 3157 15.

1131 3124 1177 3166 ef.
1194 3135 1232 3168 p.
1255 3126 1337 3167 172,
1359 3126 1406 3158 55
1424 3125 1436 3168 ΙΙ
1456 3127 1512 3158 33.
1541 3135 1703 3166 κομπτος
1724 3123 1798 3158 cod.
1824 3122 1827 3169 Ι
1851 3134 1987 3157 νυουςα

234 3179 309 3214 cod.
330 3181 417 3224 1142.
447 3178 588 3214 cotulla
613 3181 687 3214 cod.
709 3181 720 3224 ΙΙ
740 3184 796 3216 43.
825 3184 1055 3227 ψηφηφοριά
1083 3184 1158 3219 cod.
1178 3185 1190 3229 [Ι
1210 3186 1265 3219 53.
1293 3184 1339 3227 ef.
1362 3195 1400 3228 1).
1430 3186 1512 3226 173,
1539 3186 1586 3218 33
1606 3185 1617 3227 ΙΙ
