2271 3505
293 164 381 206 644

287 1074 357 1115 27.

354 275 563 328 [εὐτυχῶς
620 275 792 328 ἔγραψα
842 276 939 327 περὶ
991 274 1156 327 ὁμιλίας

352 350 663 401 καθημερινῆς]

291 420 359 461 26.
405 421 619 472 Τίεςτιν,
657 420 841 476 ἄδελφε;
880 420 950 462 διὰ
987 420 1026 461 τί
1058 420 1155 471 οὐχὶ

349 494 478 545 ἦλθες
519 494 627 545 πρὸς
672 493 748 534 τὸν
787 492 913 547 ναόν,
957 491 1039 549 (εἰς
1077 494 1155 544 τὴν

350 566 505 621 οἰκίαν,
550 566 660 616 πρὸς
700 567 778 617 τὴν
818 564 1002 620 ἀγοράν,
1049 567 1157 618 πρὸς

349 639 399 680 τὸ
438 638 744 693 ἀκροατήριον,
783 638 892 690 πρὸς
931 639 1008 680 τὸν
1043 642 1155 680 δικα-

350 712 467 765 ςτήν,
524 711 632 762 πρὸς
684 711 761 752 τὸν
812 710 1042 766 ὑπατικόν,
1097 711 1156 753 εἰς

347 784 425 834 τὴν
459 782 605 838 πόλιν,
645 783 703 824 εἰς
741 783 792 825 τὸ
829 783 1009 838 χωρίον;
1048 785 1157 835 πρὸς

348 856 425 896 τὸν
482 855 679 907 ἀδελφὸν
741 852 901 911 ἡμῶνς)
966 856 1053 908 ἐγώ
1113 871 1155 898 ςε

347 928 551 980 ὑπομένω
609 929 677 969 καὶ
735 927 804 969 διά
862 942 904 970 ςε
966 930 1157 981 βραδέως

347 1001 587 1052 ἐδείπνηςα.

413 1073 599 1115 Ἄπελθε
659 1073 767 1124 πρὸς
827 1073 904 1114 τὸν
959 1072 1156 1125 ἀδελφὸν

347 1147 414 1187 καὶ
448 1144 573 1187 εἶπον
614 1145 749 1200 αὐτῷ·
790 1145 828 1186 τί
863 1159 925 1187 col
959 1146 1153 1198 ἑποιήςα-

348 1233 441 1271 μεν,
485 1217 548 1260 ἵν’
592 1217 750 1273 ἀμελῇς
802 1218 929 1272 ἡμᾶς,
978 1218 1064 1268 ἐγώ
1111 1232 1153 1260 ςε

348 1290 516 1341 ἀγαπῶ.
581 1291 668 1340 ἐγώ
716 1304 759 1332 ςε
805 1293 937 1342 φιλῶ,
984 1291 1040 1342 μὰ
1077 1292 1154 1333 τὸν

348 1363 450 1406 θεόν
496 1361 573 1420 (μὰ
611 1364 688 1405 τὸν
728 1363 930 1414 οὐρανόν.
984 1364 1040 1415 μὰ
1078 1364 1155 1405 τὸν

346 1437 482 1488 ἥλιον.
534 1436 591 1487 μὰ
621 1438 700 1487 τὴν
732 1439 825 1488 γῆν.
873 1436 929 1487 μὰ
960 1438 1038 1488 τὴν
1076 1450 1154 1477 ςω-

347 1509 497 1560 τηρίαν
548 1506 662 1565 μου).
727 1510 794 1550 καὶ
845 1508 976 1549 αὐτὸς
1023 1506 1155 1557 οἶδας,

347 1582 495 1633 ἐπειδὴ
530 1581 658 1633 φίλος
691 1581 813 1632 ἡμῶν
848 1579 957 1635 <εἶ>.

287 1654 355 1695 28.
388 1654 646 1705 Παιδάριον,
674 1654 840 1705 ταχέως
876 1654 1055 1705 ποίηςον
1089 1654 1155 1695 καὶ

347 1725 454 1778 ἆρον
510 1726 563 1767 τὰ
621 1725 800 1778 ςάβανα,
853 1727 1000 1778 ἐπειδὴ
1054 1727 1153 1768 λού-

347 1803 491 1841 ςαςθαι
548 1799 661 1840 θέλω
719 1799 787 1839 καὶ
843 1798 985 1840 οὐδείς
1043 1799 1154 1841 ἐςτιν

347 1870 431 1913 ὧδε
470 1873 558 1912 τῶν
598 1871 838 1922 παιδαρίων
878 1869 987 1927 (τῶν
1029 1871 1152 1913 ἀδελ-

347 1945 458 1994 φῶν.
503 1945 592 1984 τῶν
625 1943 780 1995 φίλων.
825 1945 914 1985 τῶν
948 1942 1153 1999 δούλων).

347 2015 416 2056 διὰ
435 2015 473 2056 τί
494 2014 738 2067 ἑβράδυνες,
760 2014 874 2057 ὅπου
897 2029 939 2057 ςε
962 2015 1153 2070 ἔπεμψα,

345 2087 383 2128 τί
405 2086 608 2143 ἕπραξας;
622 2087 765 2129 πάντα
780 2090 939 2142 καλῶς
957 2087 1153 2129 Ἔδωκεν

348 2174 416 2211 μοι
456 2160 695 2212 ἐπιςτολήν.
756 2161 829 2202 Καὶ
868 2159 982 2202 ὅπου
1024 2160 1153 2214 ἐςτίν,

347 2230 455 2288 (Οὐκ
477 2231 587 2274 ἕςτῑν
610 2229 727 2288 ὧδε).
768 2230 873 2274 φΩδέ
896 2232 1019 2274 ἐςτιν.
1060 2232 1153 2273 Δὸς

347 2304 494 2358 αὐτήν,
516 2304 588 2346 ἵνα
609 2305 677 2346 καὶ
695 2304 775 2345 ἴδω
797 2304 835 2345 τί
857 2319 926 2355 μοι
947 2303 1152 2356 ἔγραψεν.

348 2376 477 2418 οὐδέν
511 2391 573 2419 ςοι
607 2375 745 2432 εἶπεν,
776 2376 929 2419 Οὐδέν.

1194 420 1251 461 26

1196 1071 1264 1112 27.

1195 1650 1250 1691 28

866 163 1142 207 COLLOQVIA
1168 163 1490 209 MONACENSIA

1255 276 1452 316 sermone
1487 274 1737 328 cotidiano]

1256 452 1265 461 .
1310 418 1422 468 Qujd
1455 422 1540 474 est,
1579 419 1742 461 frater?
1783 435 1868 476 qua
1900 435 1946 462 re
1977 435 2066 463 non

1255 491 1414 533 uenisti
1466 492 1518 533 ad
1571 492 1814 547 templum?
1868 491 1943 551 (ad
1994 493 2064 535 do-

1256 564 1404 605 mum?
1463 564 1516 605 ad
1567 565 1740 606 forum?
1795 565 1849 606 acl
1900 565 2065 607 audito-

1255 636 1399 677 rium?
1451 637 1504 677 ad
1549 637 1764 678 iudicem?
1816 637 1870 678 ad
1915 652 2065 680 consu—

1255 708 1420 750 larem?
1454 708 1498 750 in
1525 709 1778 751 ciuitatem?
1805 709 1858 750 ad
1884 709 2065 752 uillam?

1256 780 1310 821 ad
1359 780 1538 823 fratrem
1588 779 1838 838 110311111οῬ)
1890 797 1971 839 ego
2022 785 2065 823 te

1257 852 1443 894 sustinui
1473 857 1515 894 et
1538 856 1716 909 propter
1737 856 1780 895 te
1801 854 1922 896 tarde
1941 850 2066 910 pran-

1256 925 1355 966 didi.

1318 1070 1438 1112 Vade
1483 1071 1537 1112 ad
1582 1072 1761 1112 fratrem
1813 1074 1856 1113 et
1902 1071 1970 1113 dic
2009 1071 2067 1114 ei:

1255 1142 1358 1198 quid
1406 1143 1487 1184 tibi
1527 1143 1726 1199 fecimus,
1772 1147 1820 1185 ut
1856 1143 2066 1201 neglegas

1254 1214 1363 1256 nos?
1391 1230 1472 1272 ego
1500 1218 1542 1257 te
1577 1216 1724 1273 diligo.
1776 1231 1858 1273 ego
1884 1219 1928 1258 te
1955 1231 2066 1272 amo,

1254 1303 1331 1343 per
1357 1288 1496 1329 deum.
1550 1288 1648 1346 (per
1674 1288 1852 1330 caelum.
1898 1304 1976 1344 per
2003 1304 2066 1331 3ο-

1254 1360 1351 1402 10111.
1409 1376 1486 1416 per
1531 1364 1702 1403 terram.
1764 1376 1842 1417 per
1881 1361 2066 1403 salutem

1256 1431 1429 1489 meam.)
1493 1436 1536 1474 et
1582 1434 1673 1489 ipse
1716 1433 1818 1489 scis,
1861 1433 2067 1489 quonjam

1255 1505 1419 1546 amicus
1451 1508 1600 1547 noster
1633 1521 1689 1547 es.

1256 1684 1263 1691 .
1297 1649 1427 1705 Puer,
1460 1649 1546 1691 cito
1579 1650 1647 1691 fac
1681 1652 1723 1691 et
1752 1649 1857 1691 tolle
1891 1650 2064 1705 sabana,

1255 1722 1459 1777 quoniam
1505 1721 1642 1763 lauari
1690 1721 1790 1764 uolo
1837 1725 1881 1764 et
1917 1721 2064 1764 nullus

1743 1794 1815 1852 (de
1843 1793 2063 1836 fratribus.

1575 1867 1625 1908 de
1666 1864 1838 1923 seruis.)
1895 1881 1980 1921 qua
2018 1880 2064 1908 re

1253 1940 1475 1994 1311131133,
1535 1939 1609 1981 11111
1665 1942 1708 1981 10
1765 1938 1894 1981 misi?
1958 1937 2063 1993 quid

1254 2011 1412 2068 egisti?
1447 2012 1591 2053 omnia
1622 2011 1762 2053 bene?
1795 2010 1928 2053 Dedit
1954 2009 2062 2052 mjhj

1253 2084 1495 2139 epistolam.
1536 2085 1596 2126 Et
1623 2085 1698 2126 ubi
1727 2083 1821 2126 est?
1847 2083 1970 2141 (Non
1996 2085 2062 2124 est

1251 2155 1355 2212 hic.)
1410 2156 1495 2198 Hic
1528 2160 1604 2198 est.
1661 2156 1729 2199 Da
1761 2156 1899 2211 illam,
1939 2158 1988 2197 ut
2021 2157 2064 2197 et

1252 2228 1423 2270 uideam
1470 2229 1630 2283 <quid>
1676 2228 1784 2270 mihi
1829 2227 2062 2284 scripserit.

1255 1798 1319 1836 est
1347 1794 1417 1836 hic
1449 1795 1499 1836 de
1527 1794 1683 1850 pueris.

1255 1867 1305 1908 de
1347 1867 1507 1909 31111013.

1203 2309 1217 2316 ‘
1252 2300 1363 2343 1111111
1395 2300 1477 2342 tibi
1512 2301 1650 2342 dixit?
1684 2300 1820 2344 Nihil.

657 2612 760 2666 III.
809 2610 1202 2679 COLLOQVIA
1245 2609 1704 2666 MONAOENSIA

323 2772 330 2779 .
364 2736 519 2793 Ἀγαθῇ
541 2738 646 2793 τύχῃ
663 2738 988 2791 [καὶεύτυχῶς].
1009 2739 1155 2789 ἐπειδὴ
1199 2738 1235 2778 1.
1269 2736 1391 2778 Bona
1419 2735 1595 2778 fortuna
1622 2738 1685 2789 [et
1710 2735 1926 2789 feliciter}
1960 2750 2062 2791 quo-

352 2809 442 2861 ὁρῶ
481 2812 672 2852 πολλοὺς
705 2811 1019 2862 ἐπιθυμοῦντας
1051 2810 1154 2853 Ῥω-

353 2882 488 2934 μαϊςτὶ
519 2884 786 2933 διαλέγεςθαι
818 2883 886 2925 καὶ
917 2882 1154 2934 Ἑλληνιςτὶ

353 2956 455 3007 μήτε
496 2954 685 3006 εὐχερῶς
723 2956 928 2998 δύναςθαῑ
967 2955 1036 2997 διὰ
1076 2957 1156 3007 τὴν

353 3028 602 3079 δυςχέρειαν
635 3028 702 3069 καὶ
732 3029 1056 3080 πολυπλήθειαν
1083 3027 1154 3079 ῥη-

355 3098 517 3150 μάτων,
561 3103 611 3154 τῇ
657 3100 733 3155 ἐμῇ
779 3099 1043 3154 κακοπαθείᾳ
1087 3099 1155 3141 καὶ

355 3171 592 3225 φιλοπονίᾳ
625 3171 704 3213 οὐκ
736 3171 970 3224 ἐφειςόιμην
995 3174 1073 3213 τοῦ
1101 3172 1154 3223 μὴ

1253 2808 1371 2850 niam
1433 2807 1560 2850 uideo
1621 2807 1782 2849 multos
1839 2807 2062 2863 cupientes

1252 2880 1407 2922 Latine
1434 2880 1654 2935 disputare
1677 2882 1720 2921 et
1740 2879 1901 2922 Graece
1921 2894 2062 2935 neque

1254 2952 1380 2995 facile
1406 2967 1533 3008 posse
1559 2955 1740 3008 propter
1759 2951 2062 2998 difficultatem

1256 3028 1298 3066 et
1331 3024 1657 3067 multitudinem
1686 3024 1933 3079 uerborum,
1964 3038 2060 3066 meo

1254 3096 1402 3139 labore
1436 3100 1480 3139 et
1512 3096 1726 3138 industria
1756 3111 1846 3138 non
1876 3094 2062 3152 peperci,

1255 3172 1303 3210 ut
1351 3184 1440 3211 non
1483 3169 1686 3224 facerem,
1737 3171 1786 3210 ut
1830 3167 1876 3210 in
1919 3167 2061 3210 tribus
