2194 3475
707 182 1127 219 HERMENEVMATA
1152 183 1496 220 EINSIDLENSIA
1901 184 1988 228 225

221 295 483 348 ἐνεδυςάμην
516 293 636 336 indui
670 310 737 336 me
1125 296 1409 350 ύπογραμμόν
1431 331 1438 337 .
1461 295 1719 351 exemplar.-
2011 315 2045 338 30

221 369 461 420 ἐπενδύτην
475 367 1087 423 Reuxfivffiuperariamalbam,
1126 370 1298 422 γράψας
1331 371 1377 412 δὲ
1411 371 1460 410 ut
1492 368 1643 424 scripsi
1677 371 1823 409 autem

221 440 370 482 ἐπάνω
404 441 608 493 ἐνδύομαι
642 454 771 495 supra
804 439 934 482 induo
1127 443 1306 484 δεικνύω
1342 441 1521 484 ostendo

220 513 450 569 φαινόλην,
476 515 698 565 προῆλθον
720 512 962 567 paenulam,
988 527 1087 567 pro-
1126 518 1186 569 τῷ
1220 515 1476 570 διδαςκάλῳ,
1512 514 1741 570 magist1·O‚

234 629 240 634 .
280 584 387 627 cessi
1126 587 1413 642 ἐδιώρθωςεν,
1447 587 1714 641 emendam,

185 673 201 699 5
221 658 268 700 ἐκ
298 661 377 699 τοῦ
410 659 618 699 κοιτῶνος
651 655 702 697 de
736 655 935 698 eubiculo
1126 658 1353 714 ἐχάραξεν,
1386 660 1550 702 κελεύει
1583 658 1776 714 induxit,
1810 659 1930 700 iubet
2012 683 2046 707 3,

221 731 294 772 ςὺν
320 733 381 785 τῷ
409 732 675 785 παιδαγωγῷ
709 744 806 770 eum
833 728 1086 784 paedagogo
1126 745 1175 783 με
1210 730 1534 783 ἀναγινώςκειν,
1568 747 1636 772 me
1669 731 1832 788 legere,

219 803 287 844 καὶ
326 803 401 844 ςὺν
442 806 492 857 τῇ
525 805 678 856 τροφῷ
712 804 755 842 et
788 816 885 842 cum
918 800 1087 842 nutrice
1126 805 1364 846 κελευςθεὶς
1397 803 1516 859 ἄλλω
1551 803 1692 845 iussus
1725 804 1797 845 alii

220 873 480 917 ἀςπάςαςθαι
513 875 591 916 τὸν
624 873 811 915 salutare
1126 877 1305 930 δέδωκα,
1339 876 1584 928 ἐμάνθανον
1613 877 1721 930 dedi,
1749 876 1991 918 ediscebam

219 948 385 998 πατέρα
420 947 487 988 καὶ
519 948 598 999 τὴν
630 948 799 1001 patrem
833 949 875 987 et
1125 948 1441 1000 ἑρμηνεύματα,
1476 947 1877 1003 interpreti]menta,

165 1036 199 1062 ιο
220 1021 380 1072 μητέρα
397 1054 403 1060 .
420 1018 694 1071 ἀμφοτέρους
716 1022 918 1061 matrem.
936 1019 1086 1060 ambos
1125 1019 1329 1063 ἀπέδωκα
1351 1055 1358 1063 .
1380 1020 1482 1063 ἀλλ’
1513 1020 1676 1062 reddidi
1702 1056 1708 1062 .
1730 1021 1803 1062 sed
2011 1046 2047 1069 40

219 1092 469 1144 ἠςπαςάμην
505 1093 570 1134 καὶ
604 1090 791 1132 salutaui
828 1095 871 1132 et
1127 1093 1288 1136 εὐθέως
1315 1093 1560 1145 ὑπαγόρευέ
1589 1108 1656 1145 μοι
1681 1128 1687 1134 .
1710 1093 1858 1134 statim
1880 1093 1993 1134 dicta

218 1165 482 1217 κατεφίληςα
516 1163 790 1208 deosculatus
823 1179 918 1206 suin
1186 1165 1293 1207 mihi
1317 1200 1326 1208 .

219 1238 286 1280 καὶ
319 1237 459 1280 οὕτως
486 1240 701 1290 κατῆλθον
729 1240 771 1279 et
799 1237 859 1278 sic
887 1237 1085 1279 descendi
1125 1238 1392 1291 ὑπηγόρευςέ
1427 1253 1495 1290 μοι
1530 1238 1710 1280 dictauit
1745 1239 1850 1279 mihi

219 1310 265 1352 ἐκ
297 1313 374 1352 τοῦ
408 1309 530 1353 οἴκου
554 1345 561 1351 .
584 1309 634 1351 de
669 1310 820 1351 domo.
1127 1314 1394 1365 ςυμμαθητής
1417 1346 1425 1353 .
1446 1313 1514 1354 καὶ
1548 1313 1607 1363 ςύ,
1642 1311 1962 1366 condiscipulus
1985 1346 1991 1353 .

169 1398 201 1423 15
221 1382 463 1435 ἀπέρχομαι
498 1383 557 1425 εἰς
590 1382 839 1438 proficiscor
871 1382 923 1423 ad
1187 1387 1230 1425 et
1263 1387 1329 1439 tu,

219 1457 297 1507 τὴν
331 1457 489 1508 (χολήν
513 1490 519 1496 .
542 1455 734 1497 scholam
758 1490 764 1496 .
1126 1471 1254 1508 φηςιν
1276 1492 1284 1500 .
1306 1456 1432 1499 εἶπον
1466 1457 1606 1512 inquit
1629 1492 1635 1498 .
1658 1457 1743 1498 dixi

219 1527 435 1581 εἰςῆλθον,
470 1527 612 1570 εἶπον·
648 1527 827 1581 intraui,
861 1527 966 1568 dixi:
1127 1530 1262 1585 αὐτῷ·
1298 1529 1462 1572 ἀπόδος
1497 1529 1553 1571 ei:
1588 1529 1714 1570 reddo
2013 1554 2047 1577 45,

219 1604 360 1654 χαῖρε,
394 1601 630 1655 καθηγητά,
664 1616 760 1655 auo,
796 1600 1020 1656 magister,
1127 1605 1303 1654 πρῶτον
1325 1637 1333 1644 .
1355 1604 1422 1644 καὶ
1449 1602 1570 1645 εἶπεν
1592 1602 1862 1657 primun1.et
1883 1601 1992 1643 dixit

219 1674 286 1715 καὶ
319 1673 450 1715 αὐτός
483 1688 532 1725 με
567 1676 609 1714 et
644 1673 733 1728 ipse
768 1689 835 1714 ule
1127 1675 1236 1726 ἐμοί·
1271 1675 1348 1717 οὐκ
1382 1674 1492 1717 εἶδες
1527 1674 1650 1716 mihi:
1684 1690 1768 1715 non
1807 1674 1953 1715 uidisti

166 1762 200 1785 ευ
221 1746 506 1798 κατεφίληςεν
539 1747 606 1788 καὶ
639 1745 913 1787 deosculatus
947 1749 1011 1786 est
1045 1749 1088 1787 et
1126 1747 1198 1790 ὅτε
1234 1747 1453 1790 ἀπεδίδων
1487 1762 1585 1788 eum
1619 1747 1839 1788 reddereiu

218 1818 517 1870 ἀντηςπάςατο
541 1853 547 1859 .
571 1818 849 1859 resalutauit.
1126 1820 1341 1872 πρότερόν
1375 1835 1468 1876 ςου;
1503 1820 1620 1875 prius
1654 1820 1725 1860 te?

218 1891 435 1933 ἐπιδίδωςί
457 1905 525 1943 μοι
548 1891 572 1933 ὁ
594 1895 694 1933 παῖς
710 1890 841 1932 tradit
859 1890 961 1931 mihi
980 1906 1086 1946 puer
1124 1893 1192 1934 καὶ
1226 1892 1364 1935 εἶπεν·
1399 1895 1443 1934 et
1476 1892 1601 1933 dixit:
2012 1916 2046 1940 50

218 1964 242 2005 ὁ
276 1963 378 2016 ἐμός
412 1964 654 2016 πινακίδας,
690 1978 810 2004 meus
844 1963 1044 2018 tabellas,
1126 1966 1288 2020 ψεύδῃ,
1321 1965 1400 2007 οὐκ
1432 1963 1648 2018 mentiri&
1683 1980 1764 2004 non

218 2038 367 2090 θήκην,
401 2040 637 2091 γραφεῖον,
672 2036 860 2090 thecam,
894 2036 1061 2092 stilum,
1125 2037 1456 2080 ἀπέδωκας.οὐ
1489 2036 1710 2078 reddidisti
1737 2071 1743 2077 .
1766 2051 1853 2077 non

164 2123 198 2149 25
218 2109 357 2161 ἐξάγω
389 2110 592 2162 γραφὶδα,
626 2109 815 2164 produco
843 2109 1087 2164 graphium,
1126 2111 1339 2162 ψεύδομαι
1363 2145 1370 2151 .
1393 2111 1428 2152 εἰ
1462 2109 1648 2151 mentior
1671 2145 1676 2150 .
1699 2109 1731 2149 si

216 2186 278 2238 τῷ
310 2183 399 2238 ἐμῷ
432 2182 554 2237 τόπῳ
589 2196 684 2222 meo
719 2181 812 2222 loco
1124 2183 1260 2235 ἀληθῆ
1296 2185 1454 2239 λέγεις,
1487 2198 1588 2224 uera
1622 2181 1748 2236 dicis,

217 2257 472 2308 καθήμενος,
507 2253 679 2309 sedem,
1125 2255 1359 2308 ἀναδίδωμι
1382 2290 1390 2297 .
1412 2254 1526 2295 dicto
1550 2289 1556 2295 .

219 2328 409 2382 λειαίνω,
443 2326 583 2383 deleo,
1123 2329 1171 2370 ἐν
1216 2329 1385 2370 τούτοις
1430 2328 1711 2369 κελεύςαντος
1756 2332 1833 2369 τοῦ
1880 2327 1991 2368 inter

217 2399 473 2453 περιγράφω
507 2401 615 2452 πρὸς
648 2401 725 2441 τὸν
759 2399 955 2442 describo
989 2401 1041 2441 ad
1184 2400 1289 2441 haec
1323 2399 1498 2441 iubente

337 2547 369 2578 2.
395 2544 528 2578 λευκόν
555 2543 750 2589 Hauptius
772 2544 777 2591 Ι
802 2544 1035 2590 superam-iam
1069 2545 1145 2580 eod.
1174 2544 1325 2580 ΙΙΙοηασ.
1355 2555 1468 2589 super
1494 2543 1609 2579 aliam
1638 2545 1726 2580 libri
1753 2545 1989 2590 receutz'oressi

217 2607 250 2638 4.
289 2604 475 2647 φαινόλην
513 2603 718 2649 Haupte'us.
770 2606 949 2649 φελώνην
993 2606 1069 2641 cod.
1109 2605 1217 2640 Eius.
1259 2610 1299 2649 1,
1339 2605 1461 2640 Paris.
1514 2604 1669 2639 felomni
1715 2606 1790 2640 eod.
1836 2606 1987 2641 ῙΙΙοηαο.

217 2663 415 2707 φαινώλην
447 2663 524 2698 cod.
558 2663 666 2699 Eius.
699 2667 744 2709 2,
782 2665 828 2699 Β.
864 2665 981 2701 Rleen.
1020 2667 1032 2710 ΙΙ
1069 2669 1101 2700 8.
1136 2667 1353 2700 ἀςπάςεςθαι
1386 2666 1462 2701 cod.
1495 2664 1603 2700 Eius.
1637 2667 1662 2701 2
1689 2669 1721 2700 et
1754 2666 1800 2700 Β.
1829 2666 1946 2701 Rleen.
1978 2667 1989 2712 Η

220 2727 274 2758 15.
306 2723 536 2767 προέρχομαι
567 2725 644 2760 cod.
672 2724 793 2760 Paris.
815 2726 828 2770 ΙΙ
850 2729 903 2760 17.
938 2724 1095 2760 introiui
1121 2726 1169 2761 B.
1197 2725 1419 2768 Rhemum,
1451 2726 1527 2761 eod.
1557 2725 1706 2761 Monac.
1728 2726 1740 2770 ΙΙ
1760 2730 1817 2760 21.
1846 2725 1988 2760 resalu-

218 2782 317 2818 tauit
354 2793 413 2817 me
451 2784 528 2819 cod.
561 2783 684 2820 Paris.
723 2786 735 2830 ΙΙ
772 2789 829 2821 22.
868 2785 1031 2821 tradidit
1065 2787 1142 2822 eod.
1177 2785 1299 2821 Paris.
1337 2787 1350 2830 ΙΙ
1387 2790 1444 2821 25.
1480 2785 1662 2830 γραφίδια
1695 2786 1773 2821 cod.
1807 2785 1916 2821 Eius.
1950 2788 1988 2830 2,

217 2842 265 2877 B.
294 2842 411 2877 Rhen.
433 2844 445 2889 ΙΙ
465 2846 521 2878 28.
549 2844 677 2879 λιαίνω
704 2845 781 2880 cod.
812 2845 920 2881 Ems.
945 2850 964 2881 1
993 2850 1025 2882 et
1051 2850 1089 2890 2,
1111 2846 1246 2890 Paris„
1267 2846 1315 2881 B.
1336 2845 1551 2882 Rhenanus.
1577 2845 1712 2881 λεαίνω
1734 2846 1988 2892 Boucheriusji

220 2905 278 2939 35.
306 2904 462 2947 ἐχάραξε
489 2904 548 2938 καὶ
573 2904 650 2939 cod.
679 2903 801 2941 Paris.
828 2906 839 2951 ΙΙ
866 2910 922 2942 37.
951 2908 1132 2942 κελευθεὶς
1158 2906 1206 2941 Β.
1232 2906 1438 2942 Rhenamcs
1462 2907 1475 2952 ΙΙ
1500 2910 1557 2941 41.
1585 2907 1796 2951 ὑπαγόρευε
1821 2927 1867 2932 --
1894 2905 1989 2941 mihi

217 2973 284 2998 om.
312 2963 390 2999 cod.
412 2962 563 2999 Monac.
584 2963 650 2999 hoc
670 2964 744 3001 loco
767 2967 773 3010 1
795 2967 1019 3011 ὑπαγορεύει
1046 2967 1121 3002 cod.
1144 2966 1266 3002 Paris.
1291 2966 1296 3014 1
1319 2965 1440 3002 dictat
1459 2966 1690 3003 Boucherius
1709 2967 1720 3012 ΙΙ
1741 2970 1797 3002 46.
1823 2970 1880 3002 47.
1908 2968 1988 3001 εἶπε

221 3035 280 3066 μοι
300 3023 376 3059 cod.
393 3023 516 3060 Paris.
537 3025 549 3068 11
568 3027 625 3059 48.
647 3025 704 3059 ὅτι
724 3026 800 3062 cod.
817 3026 926 3062 Eius.
939 3030 965 3062 2
988 3028 992 3074 Ι
1015 3026 1201 3062 ἀπεδὶδων
1220 3027 1321 3062 Vulc.
1343 3027 1506 3063 ἀπεδίδω
1521 3027 1568 3063 Β.
1584 3027 1718 3072 Β]ιεἠ.,
1735 3028 1812 3063 cod.
1828 3027 1937 3062 Eius.
1951 3030 1985 3063 2.

218 3084 372 3119 ἀπεδίδο
399 3085 475 3121 eod.
499 3084 607 3119 Eins.
630 3088 651 3119 1
672 3088 705 3120 et
724 3084 847 3122 Paris.
867 3088 880 3133 ΙΙ
906 3091 963 3123 50.
991 3089 1093 3122 εἶπεν
1114 3088 1190 3124 eod.
1212 3087 1322 3123 Eius.
1345 3090 1365 3122 1
1386 3091 1420 3123 et
1437 3090 1473 3132 2,
1499 3087 1548 3124 B.
1568 3087 1782 3124 Rhenanus.
1811 3088 1889 3122 εἶπε
1909 3087 1985 3122 cod.

219 3143 356 3189 Paris„
382 3145 488 3179 εἶπον
515 3144 773 3186 Boucherius.·,
790 3150 829 3181 at
853 3157 953 3192 ypen
978 3147 1088 3183 etiam
1114 3147 1190 3182 cod.
1218 3146 1368 3182 Momm.
1391 3148 1402 3193 Η
1422 3150 1478 3182 51.
1506 3151 1562 3183 52.
1590 3159 1665 3183 non
1690 3146 1893 3182 reddidisti
1919 3158 1986 3181 om.

218 3204 295 3239 coel.
324 3199 446 3240 Paris.
467 3205 478 3250 11
499 3209 556 3240 55.
584 3204 705 3251 dicto]
732 3205 849 3241 reddo
884 3207 1088 3243 Vulcanius
1106 3208 1118 3253 ΙΙ
1139 3210 1194 3242 56.
1222 3208 1465 3243 κελεύςαντοῦ
1493 3208 1568 3244 cod.
1597 3208 1719 3245 Paris.
1740 3210 1753 3254 ΙΙ

293 3270 381 3302 Corp.
402 3271 494 3303 gloss.
516 3272 568 3298 lat.
589 3274 661 3297 tom.
682 3273 740 3297 III.
1653 3273 1696 3304 15
