2164 3470
206 184 273 220 XII
939 185 1209 221 PRAEFATIO

206 292 376 335 lineolis
429 293 650 336 indicatur.
714 295 826 345 Quas
877 295 1041 352 glossas
1091 295 1164 350 qui
1215 295 1524 351 comparaverit
1568 310 1664 338 cum
1705 297 1780 352 94,
1814 298 1836 339 7
1860 312 1948 353 sqq.

208 364 366 406 codicis
405 363 759 420 Amploniani,
796 381 882 408 non
926 366 1086 421 poterit
1122 381 1209 409 non
1248 367 1298 409 de
1335 367 1543 423 persimili
1582 368 1772 425 cogitare
1809 383 1949 412 recen-

188 435 335 477 sione.
399 436 531 479 Paulo
562 442 662 493 post
694 438 900 493 quaedam
933 441 1218 493 excerpuntur
1250 439 1312 482 ‘ex
1342 441 1472 495 capite
1502 442 1549 483 de
1580 441 1784 492 carnibus,
1815 454 1864 484 ex
1889 442 1948 485 ut.

207 521 302 558 περι
341 508 594 564 αρχοντων’,
639 509 742 550 item
772 509 860 550 sub
899 509 1027 550 finem
1065 508 1165 551 libri
1205 511 1250 552 ἐκ
1288 515 1364 554 τοῦ
1402 512 1498 563 περὶ
1536 514 1665 564 Θεῶν,
1707 513 1755 555 de
1789 511 1950 568 deabus,

206 579 253 620 de
290 579 472 635 aedibus,
511 582 606 632 περὶ
645 581 825 632 ἑορτῶν,
866 581 914 621 cle
943 580 1199 636 spectaculis,
1238 595 1286 624 ex
1318 583 1377 624 tit.
1410 583 1458 625 de
1488 583 1670 639 ciuitate,
1702 596 1751 625 ex
1781 596 1869 636 cap.
1901 580 1950 625 de

209 650 459 706 uestimento,
491 652 538 693 de
561 665 772 706 purpura,
803 651 851 692 de
881 650 1098 704 coloribus,
1129 652 1175 693 de
1207 654 1363 708 aureis,
1394 655 1442 696 de
1472 655 1689 710 aryeuteis,
1727 655 1774 696 de
1804 653 1950 708 uentis,

206 734 254 762 esc
286 721 352 762 lib.
384 723 431 764 de
461 723 651 765 membris
681 722 894 777 humanis,
932 735 981 764 ex
1012 723 1129 764 titulo
1160 724 1207 765 de
1238 728 1409 780 natura,
1448 739 1497 768 ex
1529 726 1644 767 titulo
1675 727 1723 768 cle
1752 726 1869 780 escis,
1902 725 1951 767 de

198 793 374 847 potione,
407 795 454 835 de
483 795 659 836 secunda
690 808 843 849 mensa,
875 795 923 836 de
954 794 1145 849 oleribus,
1178 797 1226 837 de
1253 797 1449 851 piscibus,
1481 811 1529 839 ex
1561 797 1679 839 titulo
1710 797 1758 839 de
1787 796 1950 852 auibus,

206 877 254 905 ex
281 864 337 905 ta.
364 865 411 906 de
437 866 778 921 quadrupedibus,
805 867 852 909 de
875 865 1135 920 serpentibus
1161 880 1210 908 ex
1237 868 1294 909 tit.
1321 868 1369 909 de
1393 867 1650 910 habitatione.
1703 866 1950 923 Capitulum

206 936 253 976 de
291 937 492 989 (immiteis
526 937 737 979 exscribo:
775 937 892 980 Secbe
924 938 1110 979 tornaaa
1141 951 1246 980 uasa
1278 941 1454 981 tornata.
1517 939 1708 982 Xistrota
1740 940 1951 994 striyilata

202 1020 489 1061 qeyi·yi›ii›ieiia
520 1009 659 1051 celata.
720 1010 818 1063 fiale
841 1012 1006 1063 patena.
1069 1022 1329 1051 mazonomos
1361 1010 1514 1052 Zanche.
1558 1011 1720 1064 piuatio
1752 1011 1950 1053 catillum.

206 1077 373 1119 tribliou
407 1081 616 1133 parapsis.
667 1080 870 1134 oxybafou
908 1078 1171 1122 acetabulum.
1222 1081 1460 1136 cochlyoryoe
1497 1081 1718 1124 cocum-em.
1774 1082 1951 1137 mystiou

206 1149 345 1202 Ziyula.
407 1150 622 1194 libanotris
665 1152 906 1195 curaliolum.
959 1151 1240 1204 plitenchithes
1283 1167 1463 1195 arecena.
1519 1153 1781 1206 acratoforou
1817 1167 1951 1195 mera-

206 1220 379 1261 riolum:
430 1236 536 1276 quae
585 1223 857 1264 conferantur
903 1237 999 1264 cum
1043 1222 1103 1264 eis
1147 1237 1254 1277 quae
1298 1239 1337 1278 p.
1377 1225 1432 1266 93
1478 1223 1600 1265 edidi.
1662 1223 1752 1266 Fol.
1790 1225 1865 1266 441
1906 1223 1952 1265 in

208 1291 426 1346 superiore
463 1296 584 1348 parte
620 1294 842 1349 inscriptio
876 1296 956 1336 est:
995 1293 1225 1349 ‘Excerpta
1257 1309 1308 1336 ex
1339 1294 1556 1336 veteribus
1589 1294 1772 1351 glossis’.
1834 1295 1952 1337 Haec

208 1364 405 1416 excerpta
447 1377 497 1404 ex
534 1363 670 1406 lexico
708 1365 844 1420 petita
882 1367 999 1419 sunt,
1043 1365 1156 1419 quod
1193 1365 1238 1406 in
1275 1365 1562 1421 Amploniano
1601 1365 1799 1420 capitulis
1835 1380 1952 1421 prae-

206 1432 383 1474 missum
417 1437 498 1489 est,
530 1435 664 1477 velut:
699 1436 875 1492 Chyrizo
906 1451 992 1479 sero
1024 1440 1082 1479 esi
1113 1441 1290 1488 χειριζω.
1353 1436 1548 1480 Chimazo
1579 1436 1764 1490 hyberno.
1827 1437 1978 1479 Ultor--

207 1505 318 1547 tazia
365 1506 499 1548 saties.
565 1506 788 1550 Charadra
836 1508 1070 1550 cancellum.
1132 1522 1205 1550 oue
1253 1509 1488 1550 auctoritas.
1551 1507 1732 1562 Psylliro
1773 1509 1951 1562 publico.

210 1575 456 1629 Psepholoro
488 1579 731 1630 pauimento
764 1593 796 1620 e.
825 1594 861 1634 q.
890 1595 919 1620 s.
982 1577 1030 1620 In
1063 1578 1134 1620 fol.
1167 1580 1224 1621 40
1263 1579 1365 1620 haec
1399 1579 1619 1634 leguntur:
1663 1580 1706 1621 A
1737 1593 1954 1622 musarum

201 1661 281 1701 pro
313 1662 341 1688 a
372 1649 501 1691 musis
532 1650 577 1690 in
609 1650 820 1703 colloquiis
852 1650 1074 1702 ἀρξώμεθα
1107 1651 1184 1692 οὖν
1217 1650 1302 1692 ἀπὸ
1335 1653 1503 1702 μουεῶν
1534 1651 1783 1704 incipiamus
1808 1665 1899 1705 erqo
1925 1666 1952 1694 a

209 1733 423 1761 musarum
462 1734 494 1760 e.
522 1735 559 1775 q.
587 1736 635 1762 s.:
679 1736 786 1775 quae
826 1721 860 1763 si
900 1736 950 1762 ex
990 1721 1137 1763 eodem
1176 1722 1318 1763 codice
1357 1724 1456 1764 stmt
1490 1722 1758 1777 deprompta,
1796 1722 1954 1764 similia
1991 1712 1994 1713 ⁷

209 1789 269 1831 ibi
321 1789 514 1832 extitisse
560 1792 818 1833 censendum
863 1795 927 1833 est
971 1794 1099 1847 atque
1141 1808 1180 1847 p.
1220 1794 1294 1847 57,
1332 1794 1385 1835 41
1417 1807 1505 1848 sqq.
1569 1792 1691 1842 Quod
1735 1796 1833 1835 utut
1877 1795 1954 1848 est,

210 1860 419 1916 gemellus
457 1861 590 1903 frater
621 1862 897 1919 Amploniani
937 1863 1020 1904 fuit
1059 1863 1191 1904 codex
1224 1863 1478 1919 Salmasii,
1516 1864 1590 1906 sed
1626 1863 1794 1919 plenior
1825 1879 1953 1919 quam

211 1932 293 1973 ille.
359 1931 466 1974 Cum
499 1936 643 1975 tamen
674 1934 783 1976 nihil
816 1949 867 1976 ex
900 1934 974 1976 illo
1009 1936 1224 1975 servatum
1256 1935 1312 1977 sit
1343 1938 1513 1990 praeter
1544 1938 1742 1989 excerpta
1773 1949 1953 1990 cumque

212 2003 357 2044 eadem
402 2004 601 2046 materies
640 2005 689 2047 ‘in
733 2006 828 2048 aliis
873 2008 1012 2048 exstet
1055 2005 1393 2061 recensionibUS,
1438 2006 1542 2049 satis
1585 2005 1717 2048 habui
1761 2005 1865 2047 haec
1908 2005 1954 2048 in

211 2075 474 2130 praefatione
506 2077 765 2119 tractavisse.

331 2148 355 2198 ἓ
382 2148 419 2189 3.
451 2146 844 2193 Hermeneumaton
868 2149 1085 2204 similium,
1111 2153 1155 2191 at
1181 2149 1411 2191 diversae
1437 2147 1758 2190 recensionis
1778 2147 1954 2190 disiecta

214 2217 404 2258 membra
436 2221 535 2259 sunt
570 2217 614 2274 1)
640 2220 988 2276 fragmentum
1019 2220 1310 2264 Parisinum
1336 2220 1393 2278 (p.
1421 2217 1658 2275 94—108)‚
1690 2217 1737 2275 2)
1767 2219 1953 2261 herme-

214 2291 448 2329 neumata
493 2288 738 2344 Stephani
783 2291 841 2348 (Ρ.
875 2293 1141 2348 347—379).
1203 2292 1512 2348 Fragmentum
1554 2289 1796 2333 Parisinum
1840 2291 1954 2345 quod

213 2358 400 2413 pertinet
444 2360 496 2400 ad
539 2361 741 2403 fabulas
779 2362 1028 2418 Aesopias
1073 2366 1115 2405 et
1159 2363 1432 2406 notissimum
1476 2361 1597 2403 illum
1635 2363 1865 2403 tractatum
1903 2362 1954 2403 de

214 2430 702 2474 manumissionibus
734 2432 791 2489 (p.
825 2436 899 2489 48,
926 2436 1119 2490 46—56,
1146 2437 1199 2478 27
1246 2436 1625 2477 hermeneumaton
1662 2432 1954 2489 Leidensium)

215 2504 331 2541 extat
376 2501 419 2542 in
463 2502 604 2543 codice
649 2503 881 2547 Parisino
926 2506 997 2547 lat.
1031 2507 1145 2549 6503
1186 2506 1308 2563 (Reg.
1340 2503 1477 2561 4950)
1515 2503 1803 2546 miscellaneo:
1847 2518 1954 2558 quae

215 2571 297 2612 huc
336 2575 530 2626 spectant
567 2574 669 2615 folia
706 2578 818 2618 1-—4
851 2576 956 2632 (238
979 2587 1033 2619 ><
1056 2578 1140 2619 338
1156 2576 1275 2628 mm.)
1315 2576 1638 2618 membranacea
1675 2577 1775 2616 sunt
1813 2578 1856 2616 et
1894 2574 1953 2616 bi-

217 2642 388 2683 nionem
433 2644 634 2685 efficiunt.
703 2645 921 2701 Scriptura
964 2647 1083 2688 noni
1129 2648 1284 2689 saeculi
1331 2650 1405 2689 est.
1473 2645 1522 2687 In
1566 2645 1636 2687 fol.
1676 2648 1716 2687 1r
1760 2646 1953 2703 margine

217 2713 433 2768 superiore
473 2715 642 2770 scripsit
681 2732 830 2759 manus
869 2733 1031 2760 recens:
1071 2719 1382 2774 ‘Fraymentum
1416 2719 1648 2772 ylossarum
1675 2731 1737 2771 yr.
1770 2718 1839 2761 lat.
1871 2716 1956 2774 (qr.

217 2786 285 2827 lat.
320 2799 410 2839 sup.
444 2784 541 2841 scr.)
578 2791 753 2830 velerum
791 2791 964 2843 optimae
1001 2789 1146 2832 uotae'.
1208 2791 1369 2832 Eadem
1407 2803 1557 2831 manus
1596 2788 1639 2829 in
1671 2788 1864 2845 margine
1897 2788 1956 2830 in-

217 2855 370 2897 feriore
410 2856 596 2911 scripsit:
638 2859 738 2901 ‘Iao
780 2860 966 2902 Plateam.
1006 2860 1065 2902 CI.
1096 2860 1198 2902 Fu?
1259 2859 1308 2902 In
1348 2860 1418 2902 fol.
1451 2862 1500 2901 4¹¹
1532 2859 1732 2901 inferiore
1764 2858 1956 2915 margine

219 2941 369 2968 manus
407 2927 561 2969 saeculi
596 2928 715 2970 XVII
754 2930 939 2985 scripsit:
979 2931 1119 2973 ‘Faits
1151 2945 1234 2984 par
1269 2931 1388 2986 moy?
1451 2930 1604 2973 Omnia
1642 2930 1768 2972 unius
1805 2943 1957 2971 manus

219 3001 334 3040 sunt:
368 3013 503 3052 neque
536 3000 741 3041 vocabula
774 3000 973 3042 distincta
1006 3004 1104 3042 sunt
1136 3016 1272 3056 neque
1306 3002 1536 3044 enuntiata.
1587 3001 1766 3056 Aliquot
1798 3014 1956 3042 correc-

220 3070 358 3112 tiones
395 3069 549 3110 adiecit
588 3085 738 3112 luanus
768 3074 794 3113 2
832 3071 987 3113 saeculi
1021 3070 1161 3126 XJXL
1199 3074 1272 3114 sed
1309 3088 1474 3128 paucas.
1537 3072 1630 3114 Hoc
1668 3072 1956 3127 fragmentum

223 3144 414 3183 accurate
448 3140 579 3182 edidit
609 3141 926 3184 Boucherius
958 3142 1149 3184 ‘Notices
1182 3146 1223 3184 et
1256 3144 1433 3186 extr-aits
1459 3142 1601 3185 XXIII
1628 3143 1670 3185 2⁹
1702 3158 1740 3198 p.
1767 3142 1852 3184 496
1868 3155 1957 3196 sqq.
