2271 3475
755 173 1103 210 FRAGMENTVM
1133 173 1405 209 PARISINVM

214 283 284 325 hic
315 283 537 326 oculorum
563 284 861 327 testimonium
888 290 977 339 ωδη
1005 301 1075 339 ομ-

276 371 411 408 μαῖον
443 371 663 409 μαρτιριον

215 444 322 484 opus
354 444 442 470 non
475 431 540 471 est
572 439 694 481 χρεια
726 444 804 471 ουκ
837 443 947 472 εετιν

213 501 287 542 sed
320 500 503 542 ueritate
536 503 648 543 αλλα
680 504 881 553 αληθεια(

213 572 281 614 cui
307 573 438 614 homo
465 572 576 614 dixit
599 588 633 614 ω
655 588 678 616 o
700 577 929 626 ανθρωποε
949 589 1075 627 ηιπεν

175 659 191 684 5
212 644 389 687 uicisses
422 659 651 697 νενικηκειε

210 716 246 759 51
290 732 378 759 11011
422 716 649 773 alligatum
691 717 798 759 mihi
838 733 874 761 ει
913 734 966 771 μη
1006 723 1072 762 δε-

270 792 480 841 δηεμενον
512 804 610 841 ημοι

209 860 429 903 hominem
504 862 766 905 ostendisses

270 937 408 976 εδιξαε

209 1005 332 1048 crede
366 1021 469 1062 ergo
503 1005 770 1064 mereucovl)
803 1022 882 1051 ουν

208 1076 418 1134 uictum2)
451 1081 494 1120 te
527 1093 810 1132 νηνικημενον
843 1095 890 1133 cn

155 1164 188 1189 10
208 1151 254 1193 in
286 1165 335 1192 eo
368 1151 595 1193 manifeste
624 1166 672 1194 εν
698 1167 840 1196 τουτω
867 1168 1071 1207 φανερω(

206 1238 310 1279 para
343 1238 446 1279 ergo
480 1226 522 1265 te
558 1239 766 1275 ετυμαεον
799 1240 878 1268 ουν
911 1241 958 1278 (η

207 1295 320 1338 inter
341 1298 482 1338 cetera
503 1295 719 1339 abstinere
742 1311 790 1341 εν
809 1312 899 1340 τοις
923 1301 1072 1342 αλλοιε

267 1373 498 1419 απεχεεθαι

82 1444 184 1492 [4rb]
206 1443 248 1482 et
281 1440 388 1482 scire
422 1440 591 1482 leonem
624 1457 690 1484 και
724 1446 849 1495 εδηνε
884 1446 1047 1496 ληοντα

205 1513 259 1555 ab
286 1512 460 1555 homine
488 1513 695 1557 infrenari
723 1530 807 1558 υπο
834 1521 1069 1569 ανθρωπου

266 1588 512 1638 χαλινυεθαι

151 1676 184 1702 15
203 1674 257 1700 ne
290 1658 428 1700 malus
462 1673 515 1711 μη
548 1673 676 1702 κακοε

205 1733 248 1772 et
282 1730 517 1772 indomitus
549 1745 617 1773 και
650 1734 891 1783 αδαμαετο(

205 1818 304 1858 sepe
338 1818 441 1858 ergo
474 1805 681 1846 πολλακι(
714 1818 793 1847 ουν

204 1874 309 1916 artis
342 1874 452 1916 ratio
486 1889 634 1927 τεχνεε
668 1878 798 1927 λογοε

204 1947 338 1989 currit
370 1947 415 1989 in
449 1962 521 1989 eos
552 1962 695 2000 τρεχει
728 1963 787 1991 ει(
821 1964 977 1992 aurove

150 2039 184 2064 ρο
204 2019 276 2062 alii
329 2022 473 2062 autem
524 2018 793 2078 corrigunt3)
844 2024 968 2065 αλλοι
1020 2026 1067 2066 δε

263 2095 504 2144 διορθουειν

202 2164 376 2222 longius
409 2179 675 2217 μακροτερον

202 2237 336 2279 libros
351 2236 569 2279 intuentes
583 2236 1066 2294 βυβλιοιε4)ηνορωντεε

202 2311 380 2351 naturae
417 2309 641 2366 ingenium
674 2324 848 2362 φυεηω(
882 2325 1066 2363 ευφυιαν

202 2381 371 2423 Hiemis
403 2384 597 2437 tempore
630 2396 829 2434 χειμονοε
863 2397 1007 2435 χρονω

149 2472 183 2497 :25
202 2454 468 2496 frumentum
531 2469 582 2496 ex
645 2469 828 2496 cauerna
890 2455 1065 2498 trahens

263 2541 378 2568 ειτον
411 2541 457 2569 εκ
489 2541 625 2578 μυχου
659 2541 788 2579 (υρον

202 2597 389 2640 siccabat
421 2597 601 2640 formica
633 2613 774 2651 ηψυχε
807 2604 956 2652 μυρμιξ

202 2669 317 2725 quod
354 2672 516 2712 aestate
555 2674 831 2728 congesserat
871 2687 895 2715 ο
935 2678 1064 2725 θερου

262 2756 501 2794 εηεωρεικει

203 2813 347 2856 cicada
379 2829 481 2870 ergo
516 2829 610 2857 eam
640 2820 778 2867 τετγιξ
812 2820 863 2868 δη
898 2831 1031 2869 αυτην

201 2886 386 2942 rogabat
407 2886 600 2928 esuriens
615 2902 806 2940 ικετηυεν
822 2891 1064 2941 λιμωτιχων

147 2977 182 3002 30
203 2957 301 2999 dare
329 2957 411 2999 sibi
437 2957 600 3013 aliquid
620 2962 748 3002 δουνε
770 2975 876 3013 αυτη
898 2976 935 3003 τι
957 2976 1062 3004 ποτε

203 3029 253 3071 (le
269 3029 364 3071 cibo
380 3033 427 3071 ut
444 3029 564 3071 uiuat
575 3045 645 3073 τε(
656 3046 848 3085 τροφηεο
861 3047 941 3075 πο(
953 3037 1062 3086 ζωεη

840 869 1074 916 ανθρωπον

1892 177 1971 218 101

1115 284 1219 340 quid
1261 300 1364 342 ergo
1407 284 1595 327 faciebas
1634 285 1783 341 inquid
1821 302 1859 329 τι
1898 302 1977 329 ουν

1176 372 1335 400 εποιειε
1368 372 1496 411 φηςιν

1114 429 1194 471 hac
1227 433 1388 471 aestate
1421 444 1562 472 τουτω
1594 445 1655 472 τω
1689 436 1806 482 θερηῑ

1114 516 1201 542 non
1227 501 1333 543 mihi
1361 502 1542 543 uacabat
1569 517 1621 551 ου
1649 517 1717 554 μοι
1742 506 1976 555 εεχολαζον

1114 573 1187 614 sed
1232 574 1459 615 cantabam
1498 574 1668 630 saepius
1707 578 1819 617 αλλα
1857 579 1976 618 αὔων
1997 587 2031 612 35

1173 648 1382 697 ὃιετηλων

1112 716 1257 758 ridens
1289 718 1471 760 formica
1504 722 1684 768 γελαελ(
1719 724 1879 772 μυρμηξ

1113 791 1156 830 et
1187 791 1455 832 frumentum
1487 791 1737 834 incl-audens
1767 808 1834 835 και
1861 807 1976 836 (nov

1173 864 1355 913 εκληιων

1111 932 1292 975 hiberno
1314 933 1424 976 salta
1445 933 1594 989 inquid
1612 949 1821 988 χειμωνοε
1839 952 1973 990 ορχου

1171 1019 1299 1058 φηςιν

1110 1077 1146 1119 51
1179 1080 1341 1119 aestate
1375 1081 1521 1121 cantas
1555 1094 1590 1122 ει
1624 1084 1878 1134 Θηρουλδηιε

1111 1149 1208 1191 Mus
1241 1150 1441 1192 siluester
1473 1166 1550 1203 μυ(
1583 1167 1814 1205 αρουραιοε
1994 1166 2028 1190 40

1110 1222 1315 1264 inuitauit
1330 1223 1383 1264 ad
1395 1223 1542 1278 epulas
1555 1227 1757 1277 εκαληεεν
1772 1241 1974 1278 ηφεετιαε

1111 1309 1278 1335 murem
1312 1295 1527 1337 urbanum
1561 1311 1641 1348 μυν
1674 1312 1842 1340 αετειον

1109 1366 1357 1422 praestabat
1413 1383 1516 1424 ergo
1569 1368 1606 1410 ei
1659 1384 1844 1422 παριχην
1896 1385 1974 1413 ουν

1170 1453 1286 1480 αυτω

1109 1511 1299 1567 aepulari
1334 1518 1583 1564 ευωχειεθαι

1108 1598 1217 1638 quae
1246 1583 1289 1625 in
1316 1599 1414 1626 rure
1442 1588 1563 1626 erant
1584 1601 1635 1627 τα
1657 1600 1704 1628 εν
1726 1601 1852 1638 αγρω.
1867 1601 1970 1639 ηντο
1993 1595 2098 1641 [4¹¹a]

1108 1656 1214 1698 ficus
1248 1659 1290 1697 et
1317 1655 1468 1713 uuas5)
1496 1672 1630 1700 ευκωε
1658 1672 1724 1700 και
1752 1662 1971 1712 εταφηληε
1991 1676 2026 1701 413

1109 1730 1150 1770 et
1190 1731 1331 1770 cetera
1369 1744 1598 1785 pomorum
1636 1745 1703 1772 και
1737 1734 1851 1773 λυπα
1885 1746 1973 1774 των

1169 1815 1351 1853 ατωρων

1206 1873 1277 1914 ille
1323 1873 1504 1916 multam
1550 1874 1642 1916 eius
1687 1890 1711 1918 o
1754 1879 1800 1918 δε
1842 1891 1970 1919 αυτοε

1168 1948 1279 1987 πολυ
1315 1949 1434 1989 λυτοι

1106 2021 1406 2074 paupertatem

1167 2105 1324 2142 πηνιαν
1357 2105 1647 2143 κατεγινωεην

1107 2162 1368 2219 iubebatque
1402 2163 1445 2204 in
1482 2166 1706 2219 posterum
1740 2168 1970 2218 εκηλευεην
1990 2182 2025 2207 50

1164 2250 1210 2278 τε
1244 2250 1289 2278 τε
1324 2250 1481 2288 υετηρα

1104 2308 1157 2349 ad
1190 2324 1234 2349 se
1267 2308 1414 2351 uenire
1448 2323 1556 2361 προ(
1590 2324 1752 2361 ηαυτον
1785 2312 1930 2363 ελθηιν

1104 2383 1148 2422 at
1181 2380 1253 2422 ille
1286 2396 1353 2423 και
1387 2396 1550 2424 εκεινοε

1104 2452 1148 2494 111
1182 2452 1330 2495 diuitis
1363 2453 1585 2496 cellarium
1619 2469 1865 2497 ειπαουειου
1896 2470 1967 2497 τα-

1165 2539 1262 2576 μιον

1105 2597 1279 2640 inducto
1314 2613 1363 2640 eo
1398 2612 1636 2650 ειεαγαγων
1669 2614 1785 2641 αυτω

1102 2670 1325 2725 prestabat
1337 2670 1501 2726 epulari
1514 2685 1718 2724 παρειχεν
1731 2678 1967 2724 ειωχειεθαι
1987 2690 2021 2715 55

1102 2743 1213 2784 hanc
1247 2742 1420 2798 quidem
1452 2758 1611 2796 ταυτην
1645 2758 1726 2796 μην

1103 2815 1243 2857 carnis
1276 2815 1442 2870 copiam
1475 2830 1614 2868 κρεων
1647 2831 1850 2869 ηκτηνιαν

1102 2887 1286 2942 piscium
1312 2902 1482 2942 quoque
1509 2894 1667 2940 ιχθυων
1689 2904 1797 2941 προς
1818 2893 1862 2931 δε
1885 2905 1966 2942 μην

1104 2959 1278 3015 insuper
1335 2962 1377 3000 et
1433 2959 1728 3015 placentarum
1786 2976 1845 3004 ετι
1898 2977 1964 3004 και

1163 3035 1340 3074 πλακων

1108 1872 1159 1913 Ι1111

1478 2019 1822 2075 reprehendebat
1893 2036 1971 2073 την

325 3126 357 3168 1)
385 3136 406 3159 υ
434 3136 478 3159 ea>-
504 3137 513 3159 1
541 3136 632 3160 corr.
660 3137 704 3161 m.
730 3130 757 3163 2
785 3128 798 3171 ΙΙ
829 3128 865 3170 2)
894 3127 1061 3163 uinctum
1089 3138 1180 3162 corr.
1211 3138 1253 3161 m.
1281 3130 1306 3162 2
1339 3126 1350 3170 ΙΙ
1383 3129 1418 3171 3)
1447 3138 1467 3161 o
1494 3139 1539 3162 ea:
1564 3139 1588 3161 u
1614 3139 1706 3163 corr.
1733 3129 1745 3172 ΙΙ
1772 3129 1806 3172 4)
1834 3140 1854 3162 υ
1882 3139 1926 3162 ωε
1953 3140 1959 3161 ι

202 3194 292 3219 corr.
319 3195 365 3221 m.
392 3188 416 3219 2
438 3186 448 3230 11
470 3186 505 3230 5)
533 3196 626 3220 uuas
648 3197 720 3231 pro
746 3197 838 3221 ouas
865 3198 957 3223 corr.
984 3199 1028 3223 m.
1058 3191 1079 3222 1
1105 3187 1160 3223 vel
1184 3189 1209 3222 2
1229 3189 1241 3231 ΙΙ
1934 3193 1939 3195 “
