2164 3470
179 190 245 227 XX
915 189 1190 225 PRAEFATIO

297 302 541 352 Quartum
587 302 829 357 exemplum
875 304 939 342 est
984 300 1029 342 in
1073 301 1246 343 codice
1283 299 1581 342 Monacensi
1627 314 1812 355 graeco
1849 301 1936 343 323

178 373 333 415 saeculi
362 372 476 428 XVI,
503 373 740 427 chartaceo,
767 372 870 414 olim
896 372 1267 428 Elbersbergensi,
1300 372 1373 427 qui
1399 372 1471 413 fol.
1499 373 1775 414 202Υ-204111
1801 371 1937 427 ‘prae--

163 442 459 487 ratiunculam
492 448 534 486 et
567 444 829 499 colloquium
862 443 1166 485 scholasticum
1199 459 1307 499 quae
1338 444 1821 499 interpretamentorum
1846 443 1935 485 Mo-

176 517 425 559 nacensium
472 516 660 572 primum
698 515 858 556 librum
896 515 1187 570 praecedunt'‚
1231 515 1303 557 fol.
1338 517 1592 558 205—2071·
1630 516 1847 571 ‘excerpta
1885 530 1938 557 ex

175 590 257 631 hoc
284 589 376 644 ipso
403 589 542 644 primo
570 587 710 642 libi-0⁹,
735 586 807 628 fol.
830 588 1098 629 ZOSs—ffletr
1125 586 1300 628 ‘librum
1326 588 1504 629 tertium
1524 587 1937 643 Interpretationum

175 661 498 703 Monacensium
526 660 550 700 i.
579 675 611 700 e.
640 658 918 714 colloquium'
946 658 1149 701 continet.
1202 658 1363 700 Graeca
1395 659 1560 716 graecis
1592 659 1751 701 litteris
1777 659 1937 715 scripta

177 736 288 787 sunt,
321 728 537 773 interdum
571 730 701 772 etiam
732 729 897 771 Latina.
960 730 1088 771 Hunc
1127 745 1296 785 quoque
1329 730 1490 772 librum
1522 730 1646 772 lenae
1680 731 1936 786 inspiciendi

174 808 367 860 potestas
392 804 492 845 fuit:
518 818 657 858 neque
682 805 830 844 tamen
858 802 1088 857 quicquam
1113 801 1270 857 inveni,
1296 817 1380 857 quo
1408 803 1471 844 uti
1491 803 1719 858 potuerim.
1764 802 1936 844 Krum-

176 876 384 918 bacher-i
430 876 480 916 de
522 875 602 916 hac
641 875 891 930 quaestione
931 874 1137 916 iudicium
1169 874 1241 931 (cf.
1282 874 1597 916 dissertationis
1635 872 1938 931 appendicula)

175 964 199 989 a
233 963 327 990 meo
362 947 586 1001 discrepat.

296 1018 568 1073 Colloquia
619 1033 671 1058 ex
719 1017 788 1058 his
838 1017 1202 1059 hermeneumatis
1252 1020 1452 1072 excerpta
1494 1017 1700 1073 peculiari
1748 1017 1936 1059 editione

174 1091 375 1133 tractavit
402 1089 819 1132 Krumbacherus
850 1089 894 1130 in
923 1088 1160 1130 Comment.
1193 1088 1238 1130 in
1269 1089 1477 1130 honorem
1513 1089 1730 1131 Christii
1764 1089 1937 1145 scriptis

174 1180 213 1218 p.
242 1165 326 1206 307
350 1178 440 1218 sqq.

294 1236 319 1287 ξ
361 1246 389 1276 ι.

175 1321 271 1347 611111
315 1305 646 1347 Monacensibus
694 1307 785 1345 arte
830 1304 1078 1358 cohaerent,
1128 1306 1274 1345 tamen
1318 1320 1511 1347 seorsum
1558 1306 1781 1346 tractanda
1824 1308 1936 1347 sunt.

446 1233 586 1289 Pergo
619 1248 733 1274 nunc
766 1233 819 1273 ad
850 1232 1268 1273 hermeneumata
1300 1232 1674 1275 Einsidlensia:
1714 1249 1822 1288 quae
1856 1233 1937 1275 etsi

174 1377 530 1419 Einsidlensia
575 1377 679 1417 haec
723 1376 1075 1417 hermeneumata
1119 1376 1318 1432 inscripsi
1363 1393 1386 1418 a
1428 1377 1572 1419 codice
1611 1375 1937 1418 Einsidlensi

176 1450 230 1491 19
259 1446 406 1506 (124),
457 1462 585 1502 quem
636 1447 815 1488 editioni
866 1447 1195 1489 fundamentum
1242 1463 1332 1489 esse
1377 1448 1504 1490 volui.
1567 1448 1779 1490 Accurate
1822 1448 1938 1489 hunc

172 1520 333 1562 librum
377 1519 604 1574 descripsit
647 1519 901 1561 Henricus
938 1519 1124 1561 Omont
1165 1519 1413 1561 ‘Centralbl
1453 1520 1479 1561 f.
1512 1520 1639 1561 Bibl.’
1672 1519 1733 1562 ΠΙ
1765 1536 1803 1575 p.
1836 1521 1935 1562 4528.

175 1591 369 1647 Scriptus
402 1594 467 1632 est
500 1605 611 1631 anno
642 1591 754 1632 1503
789 1593 831 1631 et
864 1590 1056 1632 continet
1088 1594 1259 1645 praeter
1285 1591 1369 1632 alia
1398 1590 1442 1647 1)
1469 1591 1697 1647 capitula
1721 1591 1936 1632 Pseudo-

176 1664 482 1705 dositheana
510 1662 553 1703 in
579 1662 958 1717 f‘ol 1561—245r3
992 1661 1038 1718 2)
1066 1662 1330 1716 colloquia
1353 1662 1681 1704 Monacensia
1707 1662 1759 1703 in
1784 1677 1936 1703 unum

175 1736 451 1777 coniuncta
472 1735 516 1775 in
536 1734 607 1775 fol.
630 1735 909 1776 *285’f—*29012
955 1734 1224 1775 Praecedunt
1244 1749 1398 1790 graeca
1418 1734 1561 1789 Verba,
1582 1733 1777 1789 sequitur
1796 1733 1936 1775 versio

174 1806 324 1861 latina3
351 1807 464 1847 inter
490 1806 606 1861 ipsos
632 1820 780 1846 versus
800 1820 977 1861 graecos
998 1806 1137 1846 denuo
1158 1805 1298 1847 versio
1319 1805 1454 1847 latina
1474 1806 1636 1847 inserta
1657 1808 1732 1846 est.
1771 1805 1936 1847 Eadem

175 1878 452 1934 colloquia,
483 1894 571 1920 non
604 1877 850 1932 capitula,
884 1877 1014 1918 etiam
1044 1877 1089 1918 in
1116 1877 1260 1918 codice
1287 1876 1611 1918 Einsidlensi
1640 1877 1725 1919 683
1754 1879 1936 1930 exstant,

175 1951 249 1991 sed
275 1966 425 2006 graece
453 1953 635 2004 tantum,
661 1949 796 1989 latina
822 1949 1017 1989 versione
1045 1948 1276 2003 aliquoties
1303 1948 1486 2004 singulis
1512 1948 1732 1989 vocabulis
1758 1948 1934 1990 adiecta.

175 2022 369 2077 Scriptus
415 2024 479 2063 est
524 2022 629 2062 haec
672 2020 774 2062 libri
818 2036 918 2076 pars
963 2036 997 2061 a.
1035 2022 1161 2062 1518.
1224 2019 1289 2060 De
1334 2019 1512 2074 reliquis
1551 2034 1659 2073 quae
1698 2019 1845 2060 insunt
1884 2019 1954 2065 οἳ,-

175 2094 429 2136 Henricus
475 2093 657 2135 Omont
702 2092 728 2133 l.
768 2108 797 2133 s.
838 2108 867 2133 s.
906 2108 945 2147 p.
984 2093 1082 2133 428.
1154 2091 1396 2145 Vtrumque
1441 2091 1601 2132 librum
1645 2090 1793 2132 lenae
1838 2106 1935 2133 cum

175 2166 569 2208 Gundermanno
604 2165 781 2206 excussi.

294 2237 501 2279 Tertius
541 2236 854 2291 colloquiorum
893 2236 1026 2277 codex
1066 2238 1132 2277 est
1171 2234 1441 2276 Parisinus
1477 2233 1640 2274 latinus
1672 2235 1787 2275 3049
1821 2233 1934 2291 (Tel-

174 2308 580 2350 leriano-Remensis
614 2309 687 2362 883
724 2307 889 2363 Regius
921 2305 1058 2363 3396)
1092 2307 1343 2348 chartaceus
1378 2306 1461 2347 116
1493 2305 1716 2358 foliorum,
1749 2305 1936 2360 scriptus

176 2398 199 2422 a
233 2380 453 2436 Geor-gio
486 2380 828 2434 Hermonymo
863 2378 1114 2434 Spartano
1149 2378 1220 2435 (cf.
1247 2378 1300 2419 H.
1330 2377 1531 2431 Omont,
1563 2376 1689 2417 Mem.
1724 2376 1760 2416 d.
1787 2376 1813 2417 l.
1842 2375 1934 2418 Soc.

177 2452 227 2493 de
260 2452 400 2493 l'Hist.
435 2452 484 2492 de
517 2451 640 2492 Paris
670 2450 785 2492 XIIa
818 2466 851 2491 a.
882 2452 996 2493 1885
1026 2467 1064 2505 p.
1093 2452 1181 2506 33).
1231 2448 1655 2491 Pseudodositheana
1687 2447 1835 2488 insunt
1861 2447 1934 2489 fol.

178 2525 444 2578 SOU—116⁸,
482 2523 593 2564 unde
631 2523 763 2564 edidit
796 2522 1115 2564 Boucherius
1148 2522 1174 2563 l.
1208 2538 1237 2563 s.
1272 2538 1301 2563 s.
1334 2537 1374 2576 p.
1400 2520 1655 2562 478—494:
1688 2533 1817 2573 quam
1849 2518 1933 2560 edi-

177 2595 340 2636 tionem
383 2594 804 2636 Gundermannus
850 2594 988 2635 denuo
1041 2609 1136 2635 cum
1187 2593 1281 2648 ipso
1334 2591 1477 2634 codice
1522 2589 1715 2632 contulit.
1778 2590 1934 2631 Miram

176 2667 308 2707 habet
341 2665 681 2720 inscriptionem:
714 2667 1018 2707 Πολυδεύκους
1050 2667 1148 2717 περὶ
1181 2668 1461 2716 καθημερινῆς
1488 2662 1651 2714 ὁμιλίας
1678 2660 1861 2704 Pollucis
1885 2663 1934 2704 de

178 2738 420 2791 montellicum
452 2738 658 2787 locutione,
692 2751 775 2790 qua
807 2736 966 2777 abusus
1002 2739 1066 2777 est
1098 2735 1430 2777 Boucherius.

298 2807 543 2857 Quartum
582 2807 798 2862 exemplar
836 2807 969 2848 codex
1008 2810 1073 2848 est
1111 2806 1488 2862 Neapolitanus
1526 2818 1706 2860 graecus
1737 2802 1777 2845 H
1801 2803 1841 2845 D
1875 2805 1931 2846 35

179 2895 306 2934 quem
339 2894 467 2933 supra
499 2878 696 2920 tractavi:
733 2878 805 2933 qui
838 2878 948 2919 liber
979 2881 1148 2934 praeter
1181 2877 1440 2933 colloquia
1472 2875 1547 2917 illa
1579 2875 1710 2916 etiam
1741 2874 1932 2929 capitu-

178 2952 342 2992 lorum
367 2951 511 3006 priora
538 2965 611 2991 sex
638 2950 822 2991 exhibet.
873 2942 987 2991 Vsus
1014 2964 1109 2991 sum
1128 2949 1287 3004 partim
1308 2946 1688 2991 Gundermanni
1708 2946 1933 3002 excerptis,

178 3023 337 3078 partim
370 3022 430 3064 eis
462 3037 569 3076 quae
602 3021 1048 3063 Schoenemannus
1074 3020 1099 3061 l.
1127 3036 1157 3061 s.
1185 3036 1215 3062 s.
1249 3020 1393 3062 edidit.
1826 3015 1832 3020 ⁸

299 3093 540 3144 Quintum
579 3094 760 3148 (lenique
794 3092 1010 3147 exemplar
1042 3092 1175 3134 codex
1207 3096 1271 3134 est
1302 3090 1638 3134 Florentinus
1669 3087 1931 3131 Ashburn-

180 3165 436 3207 hamensis
472 3166 583 3207 1439
624 3165 871 3206 chartaceus
907 3164 1064 3205 saeculi
1097 3163 1188 3205 XV.
1252 3163 1300 3205 111
1331 3163 1470 3218 primo
1503 3162 1607 3204 folio
1640 3160 1801 3216 legitur
1832 3160 1931 3202 hoc:
