2271 3505
162 1777 194 1802 10

215 195 636 232 HERMENEVMATA
662 194 850 231 CODICIS
876 195 1112 231 VATICANI
1139 193 1361 230 REGINAE
1389 194 1683 230 CHRISTINAE
1713 200 1805 231 1260

551 306 631 349 DE
653 330 662 339 ·
685 305 713 349 S
735 330 742 338 ·

214 378 450 434 splenetica
481 379 624 434 passio
654 379 714 420 ·i·
747 378 991 436 indignatio
1024 378 1081 419 la-

273 451 378 493 teris
411 450 577 493 sinistri
610 450 861 493 intumescit
889 450 1012 506 splen
1039 453 1082 491 et

273 523 527 565 reumatizat
585 524 856 565 stomachum
910 523 955 564 in
1012 522 1081 564 do-

271 595 410 638 lorem

213 667 366 709 sirexis
398 667 543 724 ruptio
577 670 797 723 aposteme

213 740 423 783 satiriasis
477 740 666 797 impetus
717 740 919 783 desiderii
971 740 1082 782 circa

273 816 493 855 ueretrum
526 813 619 855 sine
652 828 854 856 mensura
887 828 985 856 cum
1012 813 1080 855 do-

271 885 363 928 lore
397 888 440 927 et
471 886 643 942 pruritu

213 958 462 1001 stomachus
501 959 635 1001 bucca
668 958 834 1001 uentris
867 959 942 1001 ubi
975 959 1082 1001 alias

274 1034 317 1073 et
362 1031 467 1073 alias
511 1032 622 1074 fiunt
663 1032 928 1088 periculosas
967 1032 1082 1087 quod

273 1104 417 1160 graeci
450 1105 769 1147 macrusfixiam
803 1107 962 1146 uocant

179 1194 190 1201 ⁷
213 1175 417 1233 siringias
450 1177 594 1219 cadem
601 1178 700 1234 opia

213 1248 477 1306 stranguiria
511 1266 593 1306 que
625 1266 782 1307 paruas
810 1265 907 1292 cum
935 1249 1082 1291 dolore

273 1336 350 1377 per
383 1321 552 1364 urinam
585 1325 735 1379 guttas
768 1322 975 1364 emittunt

213 1393 452 1437 siccasmon
485 1395 689 1437 anorexia

214 1467 440 1510 suffocatio
459 1467 652 1509 matricis
668 1467 932 1524 sti-anguiria
947 1467 1082 1523 ipsius

274 1540 467 1582 matricis

213 1613 422 1655 secundas
450 1613 679 1655 mulierum
707 1613 968 1655 inmunditia
994 1628 1082 1654 mu-

273 1685 429 1728 lierum
456 1701 538 1741 que
566 1688 665 1741 post
692 1689 864 1741 partum
889 1685 1085 1741 sequitur

215 1758 522 1800 semetenticus
556 1759 629 1814 qui
663 1759 801 1815 magri
836 1759 946 1800 fiunt

216 1831 442 1873 stereticus
468 1831 535 1873 cui
564 1831 687 1873 nerui
717 1834 759 1873 et
781 1846 907 1873 omne
928 1846 1084 1887 corpus

276 1902 512 1960 inrigorem
547 1907 648 1946 sunt
679 1903 811 1960 positi

215 1976 451 2034 suffragine
485 1976 705 2033 garicinus

217 2049 494 2091 scotomatice
521 2065 674 2106 graece
701 2049 822 2106 girus
843 2048 1001 2090 dicitur
1023 2074 1029 2079 ·
1049 2048 1084 2089 i·

276 2122 515 2179 uertigines
566 2122 714 2179 nigras
765 2121 991 2178 patiuntur
1042 2125 1085 2163 et

278 2195 436 2237 cadunt

217 2266 350 2309 silicis
382 2266 493 2322 lapis
526 2267 732 2309 amatitus

181 2339 414 2383 :‚simtexis
457 2339 590 2397 longa
635 2340 835 2397 egritudo
883 2343 925 2381 et
967 2340 1086 2382 color

278 2412 430 2454 uiridis
471 2412 543 2454 uel
582 2412 771 2468 pallidus
802 2413 873 2454 uel
905 2413 1084 2468 plumbo

278 2485 432 2527 similis

218 2558 353 2600 sclero
388 2557 511 2599 duria

219 2631 431 2673 senochus
475 2630 608 2672 febris
653 2633 780 2673 acuta
818 2635 860 2673 et
899 2632 1085 2688 pessima

279 2703 478 2761 egritudo

218 2776 377 2818 siadica
408 2775 551 2833 passio
585 2776 695 2818 idest
722 2780 867 2819 tumor
893 2780 936 2819 et
962 2777 1085 2820 dolor

1899 196 1985 238 605

1181 305 1293 349 circa
1323 306 1576 348 uertebrum
1610 308 1652 347 et
1679 306 1826 348 clunes
1852 322 1986 362 usque

1181 379 1234 420 ad
1271 379 1437 420 femora
1473 381 1515 420 et
1548 378 1716 420 talones
1749 378 1987 434 impediens

1181 466 1377 508 gressum

1121 523 1380 579 sinapidiare
1414 539 1576 581 ungere

1121 611 1241 638 scara
1275 596 1438 638 scabies
1472 611 1601 652 super
1632 595 1814 638 uulnera

1122 668 1326 710 sclerosin
1390 669 1590 726 angustia
1653 668 1863 710 stomachi
1925 672 1988 709 est

1181 742 1326 784 cibum
1365 741 1592 797 ingluttire
1628 757 1716 783 non
1749 741 1886 797 possit
1920 741 1987 782 cui

1181 814 1319 856 aderit

1121 887 1344 937 scer-obeta
1376 886 1509 928 tussis
1541 886 1651 928 sicca

1121 962 1261 1002 sterea
1300 959 1439 1002 icticis
1471 959 1607 1001 febris
1637 959 1707 1000 uel
1741 959 1989 1001 omiomeris

1121 1032 1311 1074 scanosis
1344 1035 1496 1088 stupor

1121 1104 1241 1146 sinus
1275 1104 1335 1145 -i·
1370 1105 1492 1147 ulcus

1122 1176 1344 1232 suspiriosi
1386 1177 1459 1232 qui
1500 1192 1598 1219 cum
1636 1177 1783 1219 labore
1817 1176 1990 1218 alenant

1122 1249 1295 1291 scirosis
1327 1249 1486 1291 duritia
1519 1249 1610 1290 sine
1645 1249 1791 1290 dolore

1123 1324 1333 1363 steotema
1379 1324 1601 1377 apostema
1645 1322 1811 1363 habens
1858 1322 1896 1363 in
1946 1338 1990 1363 sc

1182 1394 1409 1436 humorem
1437 1394 1553 1449 adipi
1579 1393 1764 1435 similem
1786 1398 1828 1436 et
1848 1397 1990 1449 putre-

1183 1467 1327 1509 dinem
1360 1482 1591 1510 cancrenas

1123 1539 1329 1597 stigmata
1363 1541 1562 1583 acderion

1123 1618 1394 1669 sterecepnes
1416 1637 1422 1644 ·
1446 1612 1639 1655 mulieris
1671 1615 1827 1654 natura
1860 1613 1991 1655 uulua

1124 1685 1260 1728 scirus
1293 1686 1449 1728 humor
1482 1701 1579 1727 cum
1613 1685 1835 1727 calositatc
1866 1686 1990 1727 fedis-

1183 1758 1291 1800 sima
1332 1759 1517 1800 maxime
1557 1758 1667 1800 circa
1705 1758 1990 1801 muscolorem

1184 1831 1338 1887 capitis
1371 1847 1454 1888 que
1489 1835 1553 1873 est
1587 1846 1683 1873 cum
1718 1846 1845 1873 sensu
1874 1846 1990 1873 cura-

1185 1904 1286 1945 bilis
1336 1907 1400 1946 est
1449 1920 1531 1960 que
1578 1919 1680 1946 uero
1726 1904 1817 1945 sine
1865 1919 1988 1945 sensu

1185 1977 1436 2019 incurabilis

1124 2049 1358 2092 sintomata
1391 2050 1521 2092 sudor
1552 2049 1842 2105 nequissimus

1124 2125 1311 2165 scemata
1344 2122 1554 2165 retuditas

1124 2211 1353 2251 squamosa
1385 2195 1550 2237 scabies

1124 2269 1390 2311 submeiolus
1412 2292 1419 2300 ·
1442 2267 1563 2323 urinc
1599 2267 1913 2310 incontinentia

1125 2341 1277 2383 stalem
1310 2341 1476 2384 fincteri

1126 2414 1258 2456 sectio
1280 2429 1390 2456 uena
1410 2414 1760 2470 pei-uoluntatem
1781 2413 1990 2454 translata

1126 2487 1327 2529 stentinis
1339 2486 1558 2529 intestinis
1570 2486 1749 2529 minoris
1762 2489 1804 2527 et
1816 2485 1991 2527 maioris

1126 2560 1389 2617 sparruius¹)
1423 2559 1649 2601 cordarum
1681 2562 1857 2600 tensura

2012 1634 2045 1655 :20

1124 2633 1265 2674 scuria
1302 2648 1378 2689 per
1417 2647 1546 2688 quam
1586 2632 1773 2674 intotum
1810 2631 2045 2687 denega-4„

1185 2704 1300 2762 tur‘2‘)
1334 2705 1458 2747 urina

1124 2777 1330 2820 siccarixa
1362 2779 1468 2819 ficus
1501 2777 1638 2819 siccus

342 2923 376 2965 1)
401 2931 420 2954 r
440 2925 525 2965 post
551 2931 574 2955 a
598 2931 678 2966 sup.
705 2931 773 2956 scr.
803 2932 844 2956 m.
875 2924 895 2956 1
915 2922 926 2966 ΙΙ
946 2924 983 2966 2)
1009 2931 1029 2956 e
1051 2925 1136 2967 post
1160 2932 1185 2955 n
1211 2931 1290 2965 sup.
1318 2931 1385 2955 scr.
1412 2931 1458 2954 m.
1487 2923 1505 2954 1
1528 2921 1538 2964 ΙΙ

342 3044 397 3076 10.
424 3041 542 3076 macri
568 3054 592 3077 ιι
617 3043 628 3087 ss
657 3045 710 3077 11.
741 3040 779 3076 in
806 3040 932 3087 rigore
959 3053 982 3077 a
1008 3044 1019 3088 ΙΙ
1042 3046 1098 3077 12.

219 3099 419 3136 amatistus
459 3106 521 3145 (em
555 3101 736 3137 amatitus
768 3113 812 3138 m.
845 3104 886 3145 2)
923 3114 948 3137 a
984 3104 996 3148 1,
1037 3106 1091 3138 16.

1126 3039 1352 3085 sufftagines
1383 3040 1406 3075 i.
1433 3038 1614 3084 garricini
1640 3052 1664 3075 α
1683 3042 1694 3087 ΙΙ
1717 3043 1770 3076 14.
1799 3039 1901 3076 silcis
1928 3052 1952 3075 a
1982 3040 1986 3087 ἰ

1126 3101 1313 3136 scleroma
1347 3099 1505 3135 duxities
1537 3112 1560 3135 (ι
1597 3102 1609 3146 ΙΙ
1649 3104 1704 3137 18.
1739 3099 1897 3135 sciatica
1928 3112 1952 3135 (ι
1978 3101 1989 3148 ῐ

220 3165 276 3197 26.
304 3161 488 3210 hanelant
518 3173 543 3196 a
573 3162 586 3207 11
617 3165 672 3198 33.
701 3162 868 3198 scemate
904 3162 1005 3197 iacet
1036 3161 1206 3197 inscema
1237 3160 1261 3197 i.
1295 3159 1511 3196 rotunditas
1544 3173 1568 3195 (ι
1599 3163 1610 3206 ΙΙ
1643 3163 1700 3197 38.
1735 3159 1902 3195 sentines
1928 3172 1952 3195 α
1979 3161 1990 3206 ξὲ

221 3225 276 3257 39.
305 3206 478 3267 sparunis
505 3233 529 3256 (ι
548 3222 560 3267 ΙΙ
579 3225 636 3257 41.
665 3221 812 3257 scarixa
837 3235 858 3258 ιι
878 3223 890 3267 ΙΙ
