2302 3505
155 982 188 1006 10

155 1342 188 1367 15

152 1705 185 1728 20

736 201 908 236 HERME
915 203 940 237 N
948 201 977 236 E
984 201 1152 236 VMATA
1183 201 1431 237 STEPHANI

211 311 413 367 antiquos
446 312 651 364 ἀρχαίους

210 384 323 439 apud
355 384 605 438 Homerum,
638 385 755 436 παρὰ
785 384 971 439 Ὁμήρῳ,

211 459 254 497 et
286 456 495 497 maximos
528 457 595 498 καὶ
629 456 849 508 μεγίςτους

209 543 344 584 reges,
379 531 572 582 βαςιλεῖς,

210 603 253 641 et
286 600 414 641 duces
448 601 515 641 καὶ
547 599 762 652 ἡγεμόνα(

209 671 481 726 Graecorum,
511 671 746 727 Ἑλλήνων,

209 747 252 785 et
283 744 529 800 prudentes,
562 745 629 786 καὶ
663 744 914 798 φρονίμους,

208 816 386 857 iuuenes
419 818 544 859 νέους

209 891 251 930 et
285 904 417 930 senes.
452 890 519 930 καὶ
551 890 771 941 γέροντας.

208 960 281 1015 qui
316 960 517 1002 iniuriam
551 962 705 1003 οἵτινες
738 962 859 1014 ὕβριν

208 1032 335 1074 unius
369 1033 477 1074 ciuis
510 1034 609 1075 ἑνὸς
641 1033 822 1075 πολίτου

208 1105 273 1146 sui
307 1106 416 1148 ἰδίου

208 1177 401 1220 omnium
434 1176 678 1220 communio
712 1177 949 1220 πάνκοινον

208 1250 459 1305 iudicantes,
492 1250 725 1304 κρίναντες,

207 1337 292 1364 uno
326 1322 482 1379 animo,
516 1322 745 1377 ὁμόψυχοι,

208 1394 410 1436 destinati
445 1396 768 1446 ἑντετευγμενοι

208 1469 283 1507 aut
315 1466 455 1521 perire
488 1469 512 1519 ἢ
546 1467 778 1509 ἀπολέςθαι

207 1541 281 1580 aut
314 1539 467 1594 punire
499 1541 524 1591 ἢ
559 1539 734 1581 κολάςαι

206 1610 515 1666 Alexandrum,
548 1611 844 1667 Ἀλέξανδρον,

206 1683 278 1737 qui
313 1684 337 1724 a
368 1684 497 1725 Troia
529 1684 639 1726 ὅςτις
673 1684 759 1726 ἀπὸ
793 1684 949 1736 Τροίας

206 1756 391 1797 nauibus
423 1756 635 1813 nauigans
668 1758 814 1799 ναυςὶν
847 1757 1032 1798 πλεύςας

206 1828 249 1869 in
283 1828 520 1883 Graeciam,
553 1830 611 1872 εἰς
642 1829 843 1883 Ἑλλάδα,

206 1903 249 1942 et
277 1900 522 1956 hospitatus
554 1903 622 1943 καὶ
655 1902 853 1944 Ξενιςθεὶς

205 1973 248 2014 in
288 1989 421 2030 regno
454 1973 638 2015 Menelai
679 1975 726 2016 ἐν
762 1974 948 2028 βαςιλείᾳ
982 1976 1068 2016 Με-

264 2046 423 2088 νελάου

169 2136 184 2161 r,
204 2116 249 2158 in
275 2118 652 2173 Lacedaemonem,
680 2119 738 2160 εἰς
759 2119 1067 2174 Λακεδαίμονα,

205 2189 367 2232 oblitus
400 2190 712 2243 ἐπιλαθόμενος

204 2262 527 2304 benefactorum
562 2263 913 2315 εὐεργετημάτων

204 2338 246 2376 et
278 2334 603 2391 hospitalitatis,
636 2337 703 2377 καὶ
736 2337 888 2391 Ξενίας,

204 2409 245 2448 et
292 2408 431 2449 omnis
475 2407 779 2463 humanitatis,
819 2410 887 2450 καὶ
932 2408 1066 2460 πάςης

263 2480 610 2536 φιλανθρωπίας,

151 2570 166 2593 3
207 2552 412 2606 tanquam
445 2551 656 2594 barbarus
688 2553 747 2594 ὡς
783 2553 993 2606 βάρβαρος

205 2625 248 2663 et
280 2622 541 2679 imprudens,
572 2626 641 2667 καὶ
673 2624 841 2680 ἄφρων,

203 2695 347 2750 rapuit
378 2696 589 2738 Helenam
621 2698 811 2749 ἥρπαςεν
842 2697 1023 2749 Ἑλένην

205 2781 381 2808 uxorem
402 2768 601 2823 Menelai,
628 2769 793 2822 ἄλοχον
824 2769 1065 2824 Μενελάου,

204 2841 247 2879 et
279 2840 524 2882 transduxit
556 2842 624 2883 καὶ
657 2842 891 2894 διεκόμιςεν

150 2910 248 2954 35111
280 2910 466 2966 Troiam,
500 2913 558 2954 εἰς
590 2913 788 2968 Τρωάδα,

204 2982 426 3039 regionem
458 2984 607 3036 χώραν

203 3054 503 3111 Troianorum,
534 3059 623 3099 τῶν
655 3056 831 3112 Τρώων,

204 3141 387 3182 quorum
421 3128 482 3170 ὧν

204 3195 414 3255 regnabat
447 3200 693 3254 ἐβαςίλευεν

1111 312 1309 354 Priamus
1341 312 1536 364 Πρίαμος
1569 311 1594 353 ὁ

1112 387 1234 439 pater
1266 384 1370 439 eius,
1402 386 1541 436 πατὴρ
1575 384 1720 426 αὐτοῦ.

1882 202 1969 243 383

1991 331 2026 355 40

1113 459 1156 497 et
1188 456 1339 497 urbem
1371 455 1483 497 Ilion
1514 457 1582 498 καὶ
1614 456 1742 498 πόλιν
1774 456 1902 499 Ἴλιον

1112 528 1369 569 festinanter
1401 529 1694 580 ἐςπευςμένως

1110 615 1206 641 cum
1240 600 1430 642 exercitu
1464 601 1568 652 μετὰ
1601 604 1782 653 ςτρατοῦ

1110 675 1151 713 et
1183 672 1368 713 nauibus
1401 674 1468 714 καὶ
1500 674 1647 715 ναυςὶν

1110 744 1310 785 similiter
1343 745 1502 796 ὁμοίως

1109 816 1307 871 copiosis,
1340 831 1447 871 quae
1481 820 1676 869 πολλαῖς,
1710 817 1867 859 αἵτινες

1109 891 1314 943 ceperunt
1347 892 1635 942 κεχωρήκαςιν

1109 961 1316 1016 populum
1349 962 1426 1003 τὸν
1459 961 1594 1013 ὄχλον

1109 1048 1159 1074 ex
1193 1033 1343 1075 multis
1376 1035 1422 1075 ἐκ
1454 1036 1634 1075 πολλῶν

1108 1106 1355 1161 adunatum,
1391 1106 1683 1159 ἠθροιςμένον,

1109 1178 1200 1219 siue
1234 1178 1471 1219 insularum
1502 1179 1597 1229 ἤτοι
1630 1180 1770 1230 νήςων

1109 1250 1283 1306 incolas,
1316 1249 1407 1306 regi
1441 1250 1646 1302 ἐνοίκους,
1682 1253 1842 1303 βαςιλεῑ

1107 1322 1426 1379 Agamemnoni
1460 1321 1742 1375 Ἀγαμέμνονι

1108 1395 1284 1449 subditi,
1317 1396 1668 1449 ὑποτεταγμένοι,

1109 1483 1205 1509 cum
1239 1467 1388 1509 multis
1421 1468 1527 1519 μετὰ
1558 1470 1738 1509 πολλῶν

1109 1540 1302 1595 ducibus,
1333 1539 1574 1595 ἡγεμόνων,

1108 1628 1290 1668 quorum
1325 1612 1386 1655 ὧν

1109 1688 1151 1726 et
1184 1685 1370 1726 uirtutes
1403 1686 1470 1726 καὶ
1497 1686 1572 1727 τὰς
1605 1685 1804 1737 δυνάμεις

1109 1757 1327 1811 miramur,
1360 1757 1642 1813 θαυμάζομεν,

1108 1833 1151 1871 et
1185 1829 1441 1885 sapientiam
1475 1832 1542 1871 καὶ
1575 1830 1784 1882 φρόνηςιν

1106 1902 1344 1957 laudamus,
1377 1904 1658 1958 ἐπαινοῦμεν,

1108 1973 1428 2029 nauigauerunt
1460 1975 1673 2017 ἕπλευςαν
1697 2006 1701 2009 -

1109 2046 1160 2087 ad
1193 2046 1366 2087 Troiam
1400 2048 1459 2089 εἰς
1485 2048 1679 2099 Τρωάδα.

1108 2118 1253 2173 ibique
1287 2119 1423 2160 multa
1455 2119 1567 2161 ὅπου
1601 2120 1654 2161 ἂν
1687 2122 1863 2162 πλεῑςτα

1106 2193 1148 2232 et
1182 2191 1312 2247 digna
1345 2193 1412 2233 καὶ
1446 2191 1539 2234 ἄξια

1106 2263 1313 2304 memoria
1346 2266 1507 2316 μνήμης

1106 2338 1378 2392 peregerunt,
1412 2338 1667 2391 διετέλεςαν,

1104 2408 1227 2449 annis
1259 2423 1417 2450 nouem
1450 2408 1584 2451 ἕτεςιν
1617 2410 1745 2452 ἐννέα

1104 2483 1348 2536 pugnantes
1382 2481 1615 2533 μαχόμενοι

1105 2552 1311 2594 aduersus
1343 2555 1596 2596 καταέναντι

1105 2624 1333 2666 Troianos:
1365 2628 1454 2667 τῶν
1487 2626 1668 2677 Τρώων·

1106 2696 1270 2737 decimo
1304 2699 1448 2738 autem
1482 2697 1652 2754 δακάτῳ
1686 2700 1732 2740 δὲ
1766 2698 1850 2740 ἔτει

1106 2769 1256 2809 urbem
1291 2784 1436 2810 eorum
1473 2770 1601 2812 πόλιν
1634 2770 1778 2812 αὐτῶν

1104 2844 1475 2898 expugnauerunt,
1508 2842 1763 2896 ἐπόρθηςαν,

1990 1776 2025 1800 (ἱο

1985 2859 2019 2884 75

1104 2913 1317 2955 uniuersis
1375 2913 1614 2955 interfectis
1674 2913 1964 2955 eminentibus

1164 2985 1370 3028 ἁπάντων
1422 2985 1704 3041 ἀνῃρημένων
1754 2985 1961 3037 ἀνυπερε-

1164 3058 1334 3109 χόντων

1102 3132 1273 3184 praeter
1304 3128 1508 3185 Aeneam,
1540 3131 1669 3183 χωρὶς
1701 3129 1881 3183 Αἰνείου,

1103 3201 1176 3256 qui
1210 3201 1399 3257 fugatus,
1432 3203 1545 3244 ὅςτις
1578 3203 1806 3254 διαφυγὼν
