2302 3505
335 200 420 241 388

333 310 596 352 extrinsecus
629 311 838 361 παρεκτὸς

332 382 585 423 centesimas
618 381 819 435 accipere,
853 382 1079 423 ἑκατοςτὰς
1113 384 1185 423 λα-

394 459 493 507 βεῖν,
548 501 550 503 ,

331 529 372 567 et
431 526 576 567 eadem
629 524 810 579 pecunia
859 525 926 566 καὶ
977 525 1029 565 τὰ
1079 524 1187 565 αὐτὰ

390 600 581 650 χρήματα

329 684 475 710 rursus
514 669 751 710 foenerare:
790 668 919 710 πάλιν
959 668 1185 710 δανείζειν·

327 740 570 782 Hadrianus
604 739 730 793 dixit,
761 740 984 791 Ἁδριανὸς
1017 739 1148 790 εἶπεν,

274 1262 307 1285 10

270 2410 303 2434 20

329 812 693 854 eminentissimus
727 812 994 863 ἐξοχώτατος

327 885 405 939 uir,
430 884 674 940 praefectus
695 899 828 938 meuS,
854 884 973 935 ἀνήρ,
995 883 1184 935 ἔπαρχος

386 957 497 1010 ἐμός,

326 1029 376 1069 de
409 1028 490 1069 hoc
523 1027 748 1082 iudicabit,
782 1029 878 1080 περὶ
910 1028 1066 1069 τούτου
1101 1027 1182 1069 ἐδί-

385 1115 521 1151 καςεν,

328 1175 369 1212 et
402 1171 667 1212 renuntiabit
699 1173 765 1213 καὶ
799 1171 1060 1222 ἀπαγγέλλει

328 1243 432 1284 mihi
466 1259 541 1298 per
572 1243 778 1284 libellum.
813 1258 880 1295 μοι
914 1244 983 1284 διὰ
1011 1243 1181 1296 βιβλίου.

324 1315 490 1356 dicente
524 1314 709 1369 quodam
743 1315 947 1365 λέγοντός
980 1329 1095 1357 τινος

324 1402 414 1428 esse
461 1386 542 1428 sibi
589 1386 875 1427 substantiam
918 1386 1024 1429 εἶναι
1065 1387 1181 1441 αὑτῷ

383 1459 629 1510 περιουςίαν

323 1530 533 1585 equestris
567 1528 809 1585 dignitatis:
842 1530 1013 1582 ἱππικῆς
1047 1530 1179 1572 ἀξίας·

323 1602 396 1643 sed
423 1617 555 1656 quum
582 1616 737 1655 equum
762 1600 983 1654 publicum
1004 1603 1181 1655 peteret,

382 1673 474 1715 ἀλλ’
508 1674 579 1715 ὅτε
617 1674 752 1714 ἵππον
793 1673 993 1724 δημόςιον
1025 1675 1179 1728 ᾐτεῖτο,

289 1765 301 1787 -,
321 1744 669 1799 praetermissum
727 1759 770 1785 se
826 1759 934 1799 esse,
992 1748 1178 1796 παραλε-

382 1820 554 1869 λεῖφθαι
588 1816 720 1858 αὑτὸν

322 1903 518 1929 securum
552 1887 728 1929 crimine
762 1891 967 1941 διαβολην
1001 1891 1152 1931 δουλια

322 1960 436 2014 quod
474 1959 555 2015 ipsi
593 1959 935 2002 concitauerunt:
973 1963 1025 2012 ἣν
1059 1961 1179 2002 αὐτοὶ

381 2033 655 2083 παρώξυναν·

322 2103 394 2157 qui
446 2118 603 2157 equum
647 2104 757 2158 petit
801 2103 1021 2158 publicum
1068 2104 1178 2146 ὅςτις

379 2175 514 2216 ἵππον
547 2175 655 2217 αἰτεῖ
687 2175 902 2227 δημόςιον,

323 2246 571 2287 emendatus
614 2261 705 2287 esse
748 2246 892 2288 debet:
937 2249 1177 2299 διωρθωμέ-

382 2332 457 2360 νος
490 2318 597 2360 εἶναι
630 2318 812 2370 ὀφείλει·

323 2392 489 2431 caetera
521 2392 664 2430 autem
696 2391 748 2431 τὰ
782 2392 827 2432 δὲ
861 2391 991 2432 λοιπὰ

323 2461 437 2502 uitae
470 2464 567 2502 tuae
602 2461 691 2516 ipse
723 2461 938 2516 probabis
973 2465 1050 2503 τοῦ
1085 2462 1176 2514 βίου

383 2548 456 2575 ςου
491 2534 617 2574 αὐτὸς
651 2534 895 2584 δοκιμάςεις.

321 2605 566 2660 postulante
601 2605 784 2659 quodam
815 2605 1036 2647 αἰτοῦντος
1063 2619 1178 2647 τινος

322 2676 514 2731 permitti
549 2676 630 2717 sibi
664 2678 944 2728 ἐπιτραπῆναι
978 2677 1093 2731 αὑτῷ

322 2751 487 2803 patrem
533 2763 655 2789 suum
700 2748 753 2789 ab
800 2748 927 2789 exilio
968 2748 1177 2789 reuocari:

382 2821 459 2861 τὸν
492 2822 655 2871 πατέρα
685 2820 816 2862 αὑτοῦ
843 2820 929 2862 ἀπὸ
956 2821 1176 2872 ἐξοριςμοῦ

383 2891 736 2934 ἀνακαλέςαςθαι·

271 2982 304 3006 23
325 2979 348 3004 a
380 2978 463 3017 quo
498 2962 696 3004 exiliatus
729 2963 822 3005 est‘?
855 2964 939 3006 ὑπὸ
971 2964 1087 3006 τίνος
1114 2965 1176 3006 ἐξ·

384 3036 569 3089 ώριςται;

322 3105 398 3147 illo
432 3105 610 3159 dicente,
643 3106 808 3148 ἐκείνου
842 3108 1058 3162 λέγοντος,

325 3193 347 3218 a
379 3177 611 3232 praefecto:
645 3177 728 3219 ὑπὸ
762 3178 969 3230 ἐπάρχου·

870 199 1285 234 HERMENEVMATA
1312 199 1555 234 STEPHANI

1225 309 1316 351 sine
1360 309 1529 351 uideam
1574 309 1921 351 commentarios:
1972 310 2080 363 ἄφες

1285 381 1457 433 ὄψωμαι
1490 382 1542 423 τὰ
1574 382 1871 433 ὑπομνήματα·

1224 456 1272 494 tu
1317 456 1461 494 autem
1505 468 1606 494 cura
1643 452 1781 494 redire
1819 453 1873 493 ad
1910 467 1988 494 me.
2033 455 2080 496 ςὺ

1285 527 1331 567 δὲ
1383 526 1614 577 φρόντιςον
1665 526 1920 567 ἐπανελθεῖν
1973 526 2081 577 πρὸς

1284 597 1369 649 ἐμέ.

1224 668 1390 709 dicente
1424 668 1609 723 quodam
1642 668 1847 718 λέγοντός
1878 682 1994 710 τινος
2101 689 2136 713 30

1223 755 1267 781 se
1301 740 1626 782 circunuentum
1659 755 1750 782 esse
1783 755 1808 780 a
1839 738 1928 780 suis
1956 738 2081 780 liber-

1282 812 1357 867 tis,
1409 813 1563 854 ἑαυτὸν
1612 811 1953 864 περιγεγράφθαι
1997 811 2081 853 ὑπὸ

1283 885 1402 925 ἰδίων
1435 884 1749 936 ἀπελευθέρων,

1223 958 1265 996 et
1303 955 1461 996 habere
1501 971 1598 997 suas
1634 956 1836 997 tabernas
1868 956 1935 997 καὶ
1967 954 2082 1006 ἔχειν

1280 1027 1367 1069 ἴδια
1400 1029 1653 1080 ἐργαςτήρια

1223 1099 1267 1139 in
1307 1099 1463 1153 quibus
1502 1098 1584 1154 ipsi
1622 1098 1902 1155 negotiantur
1937 1099 1984 1140 ἐν
2017 1097 2081 1140 οἷς

1283 1173 1403 1212 αὐτοὶ
1436 1172 1808 1223 πραγματεύονται

1223 1243 1272 1283 de
1307 1258 1382 1283 sua
1414 1242 1612 1297 pecunia,
1651 1244 1696 1284 ἐκ
1727 1246 1804 1284 τοῦ
1838 1242 1945 1284 ἰδίου
1979 1244 2078 1295 χρή-

1282 1330 1424 1367 ματος,

1221 1390 1263 1427 et
1294 1386 1404 1427 nihil
1437 1388 1504 1428 καὶ
1538 1388 1668 1438 μηδὲν

1219 1459 1273 1500 ab
1303 1458 1390 1500 illis
1416 1458 1624 1513 accipere:
1658 1458 1744 1500 ἀπὸ
1771 1457 1947 1499 ἐκείνων
1974 1459 2077 1509 λαμ-

1282 1532 1443 1583 βάνειν·

1219 1602 1453 1644 aduocatus
1487 1617 1589 1658 ergo
1623 1602 1646 1643 ὁ
1680 1604 1915 1654 ςυνήγορος
1947 1601 2025 1643 οὖν

1218 1674 1474 1716 libertorum
1506 1673 1740 1729 respondit,
1773 1673 2077 1724 ἀπελευθέρων

2098 1406 2132 1432 35

1279 1747 1493 1799 ἀπεκρίθη,

1219 1818 1355 1859 multo
1425 1821 1618 1872 tempore
1680 1807 1863 1872 patrono
1925 1819 2076 1872 πολλῷ

1278 1891 1422 1945 χρόνῳ
1455 1894 1515 1945 τῷ
1549 1890 1740 1941 πάτρωνι

1218 1977 1295 2003 suo
1334 1976 1666 2016 unumquenque
1707 1961 1839 2003 αὑτοῦ
1873 1961 1949 2003 ἕνα
1981 1961 2075 2003 ἕκα-
2095 1981 2130 2005 40

1278 2048 1376 2076 ςτον

1216 2105 1457 2160 prestitisse
1491 2104 1730 2158 denarium,
1765 2105 2075 2156 παρεςχηκέναι

1277 2179 1483 2231 δραχμήν,

1217 2252 1258 2290 et
1318 2248 1456 2290 adhuc
1511 2250 1685 2303 paratos
1742 2261 1833 2289 esse
1889 2248 1957 2289 καὶ
2013 2247 2074 2289 ἔτι

1277 2321 1471 2372 ἑτοίμους
1504 2320 1612 2362 εἶναι

1215 2394 1432 2447 praestare
1459 2391 1494 2433 si
1522 2391 1608 2432 illis
1635 2393 1838 2443 παρέχειν
1865 2391 1901 2433 εἰ
1928 2391 2073 2433 αὐτοῖς

1215 2464 1503 2519 permitteret:
1537 2465 1774 2515 ἐπιτρέποι·

1216 2539 1361 2577 curate
1410 2551 1464 2578 ne
1515 2534 1672 2576 iterum
1717 2534 1970 2586 φροντίςατε
2018 2535 2071 2586 μὴ
2091 2553 2127 2579 45

1275 2608 1404 2649 πάλιν

1216 2682 1437 2733 queratur:
1471 2680 1694 2730 μέμψηται.

1216 2765 1486 2792 communem
1518 2764 1689 2791 sensum
1721 2748 1887 2789 habete.
1927 2749 2072 2791 κοινὸν

1275 2825 1380 2864 νοῦν
1413 2822 1544 2873 ἔχετε.

1215 2907 1290 2947 per
1321 2892 1518 2934 libellum
1551 2893 1620 2934 διὰ
1654 2892 1856 2945 βιβλιδίου

1217 2964 1382 3006 dicente
1416 2964 1600 3019 quodam
1633 2964 1840 3014 λέγοντός
1871 2977 1986 3005 τινος

1215 3038 1381 3090 patrem
1415 3051 1539 3077 suum
1572 3037 1736 3087 πατέρα
1765 3034 1878 3076 ἴδιον

1216 3108 1493 3148 confiscatum
1527 3122 1630 3161 esse,
1663 3106 2025 3157 ἀποπεφιςκῶθαι,
2078 3110 2082 3114 ”

1217 3181 1259 3219 et
1292 3178 1374 3219 sibi
1407 3178 1622 3220 decuriam
1660 3178 1726 3220 καὶ
1764 3177 1880 3232 αὑτῷ
1913 3177 2070 3219 δεκάδα

2090 3052 2124 3077 50
