2271 3505
282 149 368 190 646

344 261 440 311 περὶ
485 260 562 301 τὸν
607 258 824 311 τράχηλον
870 255 1145 309 ἀναβόλαιον.

343 331 605 384 ἐνεδυςάμην
672 329 912 380 ἐπενδύτην
975 327 1146 370 λευκόν·

344 403 492 446 ἐπάνω
539 404 742 454 ἐνδύομαι
782 401 995 453 φελόνην·
1042 414 1147 452 προ-

288 464 303 475 .
344 467 478 529 ἦλθον
524 477 571 518 ἐκ
611 477 688 516 τοῦ
727 476 935 516 κοιτῶνος
975 474 1048 515 ςὺν
1087 476 1148 528 τῷ

345 552 610 603 παιδαγωγῷ
660 548 729 588 καὶ
780 548 854 588 ςὺν
900 550 949 601 τῇ
994 548 1148 600 τροφῷ

345 622 604 664 ἀςπάςαςθαι
644 620 720 662 τὸν
760 620 927 670 πατέρα
965 619 1034 660 καὶ
1071 619 1149 670 τὴν

579 692 854 744 ἀμφοτέρους
900 690 1149 742 ἠςπαςάμην

345 767 412 808 καὶ
445 765 722 818 κατεφίληςα·
755 765 823 806 καὶ
857 764 996 806 οὕτως
1022 777 1149 805 κατα-

348 838 479 891 βαίνω
526 838 569 879 ἐξ
613 836 745 879 οἴκου.
811 835 1052 888 ἀπέρχομαι
1092 835 1150 878 εἰς

346 912 422 963 τὴν
489 912 660 962 ςχολήν.
725 909 938 961 εἰςῆλθον·
1004 907 1150 951 εἶπον·

346 987 468 1036 χαῖρε
521 982 756 1034 καθηγητά,
808 982 876 1023 καὶ
926 981 1056 1023 αὐτός
1102 996 1150 1033 με

347 1055 628 1108 κατεφίληςεν
670 1054 798 1109 <καὶ>
840 1053 1150 1105 ἀντηςπάςατο.

347 1127 589 1170 ἐπιδίδωςίν
641 1141 709 1178 μοι
761 1126 785 1168 ὁ
835 1129 935 1168 παῖς
981 1126 1005 1168 ὁ
1051 1127 1151 1179 ἐμὸς

346 1199 684 1252 καμπτροφόρος
733 1199 973 1251 πινακίδας,
1020 1202 1152 1252 Θήκην

347 1272 584 1327 γραφείων,
610 1272 933 1324 παραγραφίδα.
975 1276 1036 1327 τῷ
1063 1273 1152 1327 ἐμῷ

348 1345 469 1400 τόπῳ
526 1346 765 1397 καθήμενος
822 1344 1007 1387 λειαίνω.
1072 1360 1151 1387 πα-

349 1417 561 1470 ραγράφω
600 1417 708 1468 πρὸς
741 1417 818 1458 τὸν
850 1416 1152 1470 ὑπογραμμὸν·

349 1490 521 1543 γράψας
542 1490 588 1531 δὲ
611 1489 791 1531 δεικνύω
812 1493 873 1544 τῷ
895 1490 1152 1545 διδαςκάλῷ·

349 1563 634 1615 ἐδιώρθωςεν,
699 1561 924 1613 ἐχάραξεν·
990 1563 1155 1605 κελεύει

351 1650 399 1687 με
421 1634 741 1685 ἀναγινωςκειν.
775 1635 1013 1676 κελευςθεὶς
1035 1633 1154 1690 ἄλλῷ

350 1709 530 1749 δέδωκα.
564 1705 816 1757 ἐκμανθάνω
845 1706 1157 1762 ἑρμηνεύματα,

352 1779 565 1822 ἀπέδωκα.
631 1777 725 1820 ἀλλ’
778 1779 937 1821 εὐθέως
991 1779 1155 1830 ὑπαγό-

351 1853 499 1904 ρευςέν
539 1865 607 1902 μοι
648 1852 926 1903 ςυμμαθητής.
992 1852 1065 1893 Καὶ
1098 1852 1156 1903 ςύ,

352 1939 497 1977 φηςιν,
541 1922 841 1975 ύπαγόρεύςόν
887 1937 967 1974 μοι.
1033 1922 1158 1965 εἶπον

351 1997 487 2051 αὐτῷ·
518 1995 702 2037 Ἀπόδος
726 1999 914 2047 πρῶτον.
947 1996 1015 2037 καὶ
1036 1995 1157 2038 εἶπέν

355 2082 440 2122 μοι·
506 2069 594 2111 Οὐκ
640 2067 768 2120 εἶδες,
820 2067 892 2109 ὅτε
939 2067 1157 2110 ἀπεδίδων

353 2141 569 2194 πρότερόν
602 2154 695 2196 ςου;
728 2141 796 2182 καὶ
824 2139 966 2182 εἶπον·
1001 2141 1156 2195 Ψεύδῃ,

354 2215 431 2257 οὐκ
457 2213 697 2256 ἀπέδωκας.
750 2213 811 2255 Οὐ
833 2213 1058 2264 ψεύδομαι.
1112 2213 1158 2255 Εἰ

355 2286 489 2338 ἀληθῆ
518 2287 668 2336 λέγεις,
693 2284 940 2337 ἀναδίδωμι.
992 2285 1039 2327 ἐν
1060 2285 1157 2327 ’τού-

355 2373 443 2400 τοις
471 2358 751 2399 κελεύςαντος
779 2360 1022 2409 καθηγητοῦ
1050 2358 1157 2408 ἐγεί-

355 2444 502 2482 ρονται
530 2430 569 2471 οἱ
598 2431 734 2481 μικροὶ
761 2430 869 2481 πρὸς
897 2431 948 2471 τὰ
972 2433 1159 2482 ςτοιχεῑα

355 2504 422 2544 καὶ
455 2503 529 2544 τὰς
563 2503 774 2554 ςυλλαβὰς
807 2503 1033 2545 κατέλεξεν
1061 2503 1157 2545 τού-

356 2589 444 2616 τοις
499 2574 559 2616 εἶς
610 2577 697 2616 τῷν
749 2574 975 2627 μειζόνων,
1035 2574 1159 2617 ἄλλοι

356 2648 463 2698 πρὸς
490 2647 567 2688 τὸν
594 2646 885 2699 ὑποδιδακτὴν
912 2647 1027 2690 τάξει
1051 2647 1158 2690 ἀπο-

356 2721 559 2770 διδοῦςιν,
635 2718 829 2770 ὀνόματα
907 2719 1159 2772 γράφουςιν,

357 2790 523 2842 ςτίχους
557 2790 771 2843 ἔγραψαν,
809 2792 876 2832 καὶ
909 2792 995 2842 ἐγὼ
1030 2793 1077 2834 ἐν
1110 2796 1160 2847 τῇ

356 2862 505 2916 πρώτῃ
553 2862 668 2905 τάξει
713 2863 897 2914 ἅμιλλαν
942 2864 1163 2916 ἐξέλαβον.

358 2934 506 2976 ἔπειτα
539 2934 597 2975 ὡς
631 2935 899 2986 ἐκαθίςαμεν,
941 2928 1161 2987 διέρχομαι

358 3006 657 3058 ὑπομνήματα,
720 3008 930 3061 γλώςςας,
993 3009 1162 3059 τέχνην.

359 3079 575 3130 φωνηθεὶς
608 3079 715 3129 πρὸς
749 3079 989 3129 ἀνάγνωςιν
1017 3079 1161 3122 ἀκούω

360 3150 589 3202 ἐξηγήςεις,
661 3151 870 3205 διανοίας,
939 3151 1160 3202 πρόςωπα.

345 695 514 746 μητέρα.

856 144 1130 187 COLLOQVIA
1156 141 1479 179 MONACENSIA

1247 268 1377 309 supra
1415 253 1546 295 induo
1579 252 1827 308 paenulam3
1864 252 2054 308 processi

1247 326 1298 368 de
1344 325 1543 374 eubieuio
1584 340 1680 367 eum
1718 325 1972 382 paedagogo
2012 327 2056 367 et

1248 414 1346 441 eum
1383 398 1551 440 nutrice
1591 398 1779 441 salutare
1811 400 1979 453 patrem
2012 400 2056 440 et

1247 474 1450 525 matrem3
1477 470 1627 512 ambos
1655 469 1842 512 salutaui
1870 473 1914 512 et
1938 485 2056 512 oseu—

1246 543 1361 585 latus
1407 557 1519 599 sum3
1565 546 1607 584 et
1654 542 1714 584 sie
1759 542 1959 585 descendi
2005 542 2056 585 de

1249 616 1387 657 domo.
1447 630 1495 657 eo
1530 615 1574 657 in
1608 615 1812 657 scholam.
1864 614 2058 670 introiui‚

1249 687 1354 729 dixi:
1420 688 1515 730 Aue
1573 687 1801 744 magister,
1865 690 1909 730 et
1965 687 2058 743 ipse

1249 775 1316 802 me
1369 760 1588 802 osculatus
1636 763 1701 802 est
1747 760 1849 816 <et>
1900 758 2058 802 resalu-

1250 832 1372 874 tauit.
1430 832 1624 889 porrexit
1656 832 1765 874 mihi
1796 846 1904 888 puer
1936 846 2059 874 meus

1252 904 1501 948 scriniarius
1533 905 1724 960 tabulas,
1761 904 1932 946 thecam
1965 918 2059 961 gra-

1249 977 1480 1033 phiariffln,
1537 977 1899 1033 praeductorium.
1961 976 2057 1019 loco

1251 1065 1346 1092 meo
1384 1050 1534 1092 sedeos
1567 1049 1699 1092 deleo.
1758 1049 1972 1106 praeducto
2006 1048 2060 1091 ad

1250 1122 1583 1178 praescriptum3
1610 1126 1658 1164 ut
1686 1122 1852 1178 scripsi,
1878 1121 2059 1164 ostendo

1252 1194 1481 1251 magistr03
1545 1195 1810 1251 emendauit,
1871 1193 2060 1250 induxit3

1253 1267 1372 1308 iubet
1431 1283 1498 1309 me
1555 1268 1711 1325 legere.
1776 1267 1918 1309 iussus
1976 1265 2060 1309 alio

1254 1339 1360 1383 dedi.
1444 1340 1586 1382 edisco
1664 1340 2063 1396 interpretamenta,

1253 1412 1429 1453 reddidi.
1477 1413 1550 1454 sed
1578 1413 1727 1455 statim
1752 1411 1934 1454 dictauit
1954 1410 2062 1454 mihi

1255 1484 1585 1540 condiscipulus.
1655 1485 1715 1527 Et
1778 1488 1845 1539 tu,
1908 1482 2064 1539 inquit,

1255 1557 1369 1598 dieta
1402 1557 1520 1599 mihi.
1586 1556 1674 1599 dixi
1709 1557 1764 1599 ei:
1799 1555 1946 1599 Redde
1979 1555 2063 1612 pri-

1255 1644 1337 1671 mo.
1390 1632 1433 1671 et
1467 1629 1577 1671 dixit
1609 1629 1735 1671 mihi:
1768 1628 1870 1671 Non
1901 1627 2065 1684 uidisti,

1256 1717 1353 1743 eum
1380 1702 1602 1744 redderem
1635 1702 1754 1757 prior
1780 1700 1854 1743 te?
1888 1703 1932 1743 et
1958 1700 2065 1742 dixi:

1255 1774 1474 1831 Mentiris,
1525 1789 1612 1816 non
1663 1773 1900 1816 reddidisti.
1963 1771 2066 1815 Non

1257 1847 1455 1889 mentior.
1522 1846 1567 1889 Si
1600 1862 1752 1890 uerum
1785 1846 1905 1903 dieis,
1937 1845 2064 1888 dieto.

1257 1920 1370 1962 inter
1390 1920 1494 1962 haee
1517 1920 1636 1961 iussu
1658 1919 1856 1977 magistri
1879 1920 2067 1975 surgunt

1256 1992 1403 2048 pusilli
1463 1992 1515 2034 ad
1574 1993 1836 2034 subductum
1891 1994 1934 2033 et
1986 1990 2066 2046 syl-

1256 2064 1378 2107 labas
1446 2064 1648 2121 praebuit
1715 2064 1776 2106 eis
1839 2078 1951 2106 unus
2015 2063 2065 2105 de

1257 2137 1514 2193 maioribus,
1555 2137 1627 2179 alii
1667 2137 1720 2178 ad
1760 2136 2066 2179 subdoetorem

1258 2209 1406 2252 ordine
1435 2209 1632 2264 reddunt⁷
1658 2208 1837 2251 nomina
1857 2208 2067 2264 scribunt,

1258 2297 1409 2324 uersus
1460 2281 1744 2337 seripserunt,
1795 2284 1838 2322 et
1889 2295 1970 2338 ego
2022 2281 2067 2323 in

1256 2354 1397 2410 prima
1453 2354 1587 2396 classe
1643 2353 1855 2395 dictatum
1905 2353 2065 2409 excepi.

1259 2426 1410 2468 deinde
1462 2430 1510 2468 ut
1558 2426 1764 2480 sedimus,
1813 2428 2065 2481 pertranseo

1656 2498 1848 2555 linguas,
1916 2501 2065 2546 artem.

1259 2571 1469 2614 clamatus
1502 2571 1555 2613 ad
1583 2570 1817 2612 lectionem
1843 2570 1971 2613 audio
1998 2585 2066 2613 ex-

1258 2644 1509 2700 positiones,
1518 2657 1907 2699 senSUS‚personas.
1936 2642 2067 2684 inter-

1259 2720 1440 2773 rogatus
1493 2715 1677 2758 artificia
1720 2714 1934 2770 respondi.
1996 2714 2067 2756 Ad

1260 2804 1407 2845 quem,
1464 2788 1584 2830 dixit.
1658 2786 1775 2837 Quae
1825 2802 1926 2842 pars
1977 2801 2067 2829 ora-

1260 2860 1423 2902 tionis?
1470 2859 1684 2902 deelinaui
1728 2873 1889 2916 genera
1930 2858 2067 2901 nomi-

1260 2948 1382 2989 num,
1425 2931 1587 2988 partini
1625 2946 1811 2973 uersum.
1874 2933 1926 2983 ut
1961 2930 2068 2973 haee

1261 3005 1448 3061 egimus,
1505 3003 1670 3045 dimisit
1723 3003 1777 3044 ad
1825 3002 2066 3058 prandium.

1262 3077 1463 3119 dimissus
1490 3075 1618 3118 uenio
1647 3075 1773 3117 domi.
1837 3078 1978 3130 muto,
2003 3089 2067 3117 ae-

1262 3149 1373 3204 eipio
1418 3163 1575 3204 panem
1620 3147 1867 3202 candidum,
1918 3146 2067 3202 oliuas,

1260 2499 1587 2554 commentaria,
