2271 3505
295 175 383 218 640

297 1515 322 1555 9

352 286 552 339 Ἕτοιμός
574 286 665 338 εἰμι.
698 285 790 337 ἣψα
807 285 888 337 γὰρ
902 285 981 327 τὸν
996 285 1158 336 λύχνον

353 361 422 402 καὶ
453 361 532 411 τὴν
558 359 689 401 νύκτα
715 357 957 409 ἑμελὲτηςα.
1011 357 1158 399 Καλῶς

355 432 567 484 ἐποίηςας,
601 429 694 482 ἄρτι
727 443 770 471 ςε
803 430 979 471 ἐπαινῶ.

326 539 333 546 .
367 505 460 547 Δὸς
479 503 682 558 ’ᾗ-τρανον
702 502 752 543 τὸ
774 501 937 544 πυξίον.
988 501 1157 553 κάθηςο.

354 577 507 629 γράφε.
560 574 689 626 ὀρθὸς
729 573 934 623 ἐνεάζεις;
975 573 1050 615 τὰς
1089 587 1156 615 κε-

355 649 476 701 ραίας
524 647 704 699 ποίηςον
751 648 840 688 τῶν
884 645 1155 697 γραμμάτων.

355 723 404 763 τὸ
451 721 584 772 μέλαν
635 719 685 760 τὸ
732 719 806 760 ςὸν
844 718 961 769 ὕδωρ
1007 717 1157 768 ὀλίγον

356 809 379 833 *
428 808 451 832 *
501 808 524 832 *
580 793 674 834 ἰδοὺ
723 789 815 842 ἄρτι
866 792 1008 832 καλῶς
1058 789 1157 841 ἔχει.

357 864 562 920 <ἐπίδος>
590 864 668 906 τὸν
692 863 896 915 κάλαμον.
941 862 1089 904 ἐπίδος
1109 862 1159 903 τὸ

357 938 531 990 ςμιλίον.
606 935 807 978 ποταπόν
872 936 1027 989 θέλεις;
1084 934 1158 977 ὀξὺ

355 1011 468 1052 Θέλω
484 1008 529 1067 (ἢ
552 1005 722 1065 ἀμβλύ).
750 1007 824 1051 ὀξυ
840 1008 994 1056 θέλεις;
1013 1006 1082 1047 διὰ
1101 1005 1156 1055 τί;

327 1116 333 1122 .
374 1080 521 1133 Ἐχθὲς
565 1082 751 1133 ἤργηςας
796 1080 864 1121 καὶ
911 1079 1053 1130 δείλης
1099 1078 1159 1120 εἰς

354 1156 432 1206 τὴν
496 1153 633 1195 οἰκίαν
689 1149 903 1210 (ἔπαιζες)
960 1151 1037 1193 οὐκ
1096 1151 1159 1203 ἦς.

356 1226 442 1277 ἐγώ
477 1239 519 1268 ςε
553 1226 732 1278 ἐζήτηςα
763 1226 831 1266 καὶ
863 1225 1023 1277 ἤκουςα
1056 1222 1159 1265 πάν-

356 1312 409 1340 τα
440 1298 557 1349 παρὰ
588 1300 665 1339 τοῦ
697 1298 897 1349 τροφέως
930 1311 1004 1338 ςου
1037 1293 1160 1352 (εἰμί)

356 1370 466 1422 ἅπερ
493 1369 706 1422 ἐποίηςας.
752 1369 961 1411 Ψεύδεται
988 1369 1011 1410 ὃ
1040 1367 1160 1410 εἶπεν

358 1457 433 1485 ςοι.

327 1548 335 1555 .
376 1513 483 1557 Me&
529 1514 686 1556 ἑαυτοῦ
726 1514 785 1556 εἰς
829 1514 879 1555 τὸ
924 1515 1159 1564 πραιτῶριν

357 1586 580 1638 ἔπραττεν.
613 1585 937 1638 προςηγόρεύθη
964 1584 1050 1626 ὑπὸ
1070 1587 1159 1626 τῶν

357 1658 582 1710 ἀρχόντων
627 1659 694 1700 καὶ
739 1658 965 1700 ἑπιςτολὰς
1005 1657 1160 1709 ἔλαβεν

358 1731 442 1773 ὑπὸ
482 1733 569 1773 τῶν
609 1730 765 1782 κυρίων
797 1732 885 1772 τῶν
919 1730 1033 1781 ἐμῶν
1072 1731 1160 1770 τῶν

358 1803 691 1855 αὐτοκρατόρων
735 1803 803 1844 καὶ
849 1801 1009 1844 εὐθέως
1055 1815 1159 1853 προ-

357 1878 487 1928 ῆλθεν
536 1876 594 1918 εἰς
639 1876 688 1917 τὸ
733 1875 852 1926 ἱερὸν
897 1874 965 1915 καὶ
1013 1872 1161 1916 ἔθυςεν

356 1952 417 2003 τῷ
476 1948 636 2002 αἰωνίῳ
694 1947 762 1989 καὶ
817 1951 867 2002 τῇ
925 1946 1016 2001 νίκῃ
1073 1947 1162 1987 τῶν

359 2020 690 2073 αὐτοκρατόρων
722 2020 790 2061 καὶ
820 2021 1041 2070 κατῆλθεν.
1093 2019 1161 2070 ςή-

359 2106 489 2145 μερον
528 2093 575 2134 δὲ
615 2091 864 2143 διακρίςεων
897 2090 1042 2133 ἀκούει
1075 2089 1161 2132 ἀπὸ

359 2164 474 2216 ὥρας
507 2164 691 2216 πρώτης.

302 2237 368 2278 10.
401 2235 620 2289 Ἀφορμὰς
665 2238 804 2287 ζητεῖς
849 2234 1052 2287 πράττειν
1094 2234 1162 2275 καὶ

360 2309 438 2350 οὐκ
489 2307 609 2350 οἶδας
659 2307 725 2349 ὅτι
774 2307 816 2349 αἱ
867 2306 1008 2359 ἀργίαι
1059 2307 1161 2348 τοὺς

360 2383 516 2422 παῖδας
592 2379 878 2422 ἀπαιδεύτους
954 2381 1159 2420 ποιοῦςιν.

361 2455 514 2513 δεῖξον,
540 2451 633 2507 ἰ’δω,
661 2455 753 2494 πῶς
779 2451 993 2505 ἕγραψας;
1020 2452 1162 2492 καλῶς

361 2525 467 2567 λίαν.
531 2523 647 2567 ἄξιος
699 2523 737 2566 εἶ
787 2526 978 2575 δαρῆναι.
1054 2522 1161 2574 ἰδού,

361 2599 568 2648 ςυγχωρῶ
602 2610 677 2638 ςοι.
731 2597 914 2648 ςήμερον
947 2595 994 2636 δὲ
1022 2594 1162 2644 ὕπαγε

361 2670 428 2709 καὶ
451 2668 672 2721 ἀρίςτηςον
695 2669 763 2710 καὶ
783 2666 871 2709 ἀπὸ
891 2668 969 2708 τοῦ
990 2665 1161 2718 ἀρίςτου

361 2741 526 2791 ταχέως
547 2741 657 2783 ἐλθέ.
703 2740 834 2782 καλὰς
855 2738 982 2791 ὥρας.
1022 2740 1163 2780 καλῶς

363 2825 425 2854 ςοι
456 2813 638 2862 γένοιτο.

305 2884 370 2925 11.
403 2883 544 2926 Πάλιν
577 2885 662 2935 ἐρῶ
697 2883 897 2936 ςυμμικτὰ
930 2883 998 2924 καὶ
1030 2881 1162 2932 ἀναγ-

362 2958 474 2997 καῑα.
540 2954 650 2997 ἔςτιν
690 2957 736 2997 δὲ
775 2957 911 2997 ταῦτα
946 2953 1163 3006 ἀςπαςμὸς

361 3027 520 3079 λόγων,
547 3027 837 3080 ἑπερωτήςεις,
865 3026 1075 3078 λοιδορίαι
1095 3026 1164 3068 καὶ

363 3097 474 3140 ἄλλα
506 3098 659 3140 πολλά.

1199 501 1220 510 ,-

1206 514 1235 541 ί.

846 171 1165 218 COLLOQVIVM
1190 168 1443 206 HARLEIAN
1447 169 1519 205 VM

1256 280 1441 323 Paratus
1480 295 1587 322 sum.
1638 278 1808 322 incendi
1844 279 1960 322 enim
1996 280 2060 322 lu-

1257 368 1428 395 cernam
1454 355 1498 394 et
1532 355 1659 394 nocte
1685 352 1920 394 meditatus
1952 367 2059 394 sum.

1256 426 1373 467 Bene
1406 424 1561 480 fecisti,
1593 424 1720 466 modo
1753 426 1797 466 te
1828 424 1969 466 laudo.

1269 498 1336 540 Da
1355 497 1515 552 †labia
1541 497 1715 538 buxum.
1758 496 1869 538 sede.
1909 496 2060 539 scribe.

1255 573 1398 612 rectus
1436 569 1613 625 stupes?
1663 568 1806 624 apices
1842 569 1909 611 fac
1945 569 2061 610 litte-

1255 657 1410 684 rarum.
1445 644 1736 684 atramentum
1761 644 1886 683 tuum
1906 655 2062 697 aquam

1255 729 1436 770 paucam
1468 730 1491 755 2⁴<
1530 730 1553 755 20<
1592 730 1613 754 *
1656 729 1752 756 ecce
1790 713 1918 756 modo
1951 713 2061 755 bene

1256 788 1400 830 habet.
1415 786 1646 843 <porrige>
1660 787 1859 828 kannam.
1886 785 2062 842 porrige

1258 859 1521 916 scalpellum.
1591 859 1716 914 quale
1759 858 1855 900 uis?
1889 860 2063 900 acutum

1258 932 1358 974 uolo
1400 932 1493 989 (aut
1531 929 1698 988 hebes).
1759 933 1934 973 acutum
1966 929 2063 972 uis?

1258 1020 1342 1060 qua
1374 1004 1448 1046 re?

1287 1076 1394 1119 Heri
1446 1077 1644 1119 cessabas
1696 1079 1739 1119 et
1789 1075 1967 1118 meridie
2018 1074 2064 1116 in

1258 1150 1433 1191 domum
1465 1147 1685 1207 (ludebas)
1716 1163 1805 1191 non
1832 1163 1935 1190 eras.
1982 1161 2062 1204 ego

1257 1225 1300 1263 te
1364 1221 1559 1277 quaesiui
1617 1223 1660 1262 et
1716 1220 1863 1262 audiui
1920 1219 2065 1262 omnia

1258 1294 1370 1350 apud
1440 1293 1663 1335 alumnum
1731 1296 1857 1334 tuum
1926 1290 2064 1350 (sum)

1259 1382 1367 1422 quae
1400 1365 1552 1407 fecisti.
1603 1365 1816 1407 Mentitur
1841 1365 1957 1421 quod
1982 1363 2064 1406 tibi

1262 1438 1382 1481 dixit.

1284 1510 1438 1553 Secum
1490 1510 1534 1552 in
1578 1509 1844 1566 praetorium
1894 1509 2063 1566 agebat.

1259 1583 1471 1625 salutatus
1534 1585 1599 1624 est
1656 1597 1681 1623 a
1736 1581 2065 1638 magistratibus

1259 1658 1301 1697 et
1354 1654 1559 1710 epistolas
1604 1653 1769 1709 accepit
1808 1669 1832 1695 a
1879 1653 2065 1696 dominis

1259 1727 1366 1769 meis
1404 1726 1739 1782 imperatoribus
1776 1728 1820 1767 et
1858 1725 2063 1768 continuo

1260 1798 1452 1841 ascendit
1496 1798 1542 1840 in
1585 1797 1796 1854 templum
1835 1800 1878 1839 et
1916 1797 2064 1839 immo-

1260 1871 1369 1913 lauit
1426 1886 1504 1927 pro
1556 1874 1731 1913 aeterno
1784 1872 1827 1911 et
1882 1868 2066 1911 uictoria

1261 1943 1574 2000 imperatorum
1600 1946 1643 1985 et
1670 1941 1900 1985 descendit.
1937 1941 2064 1983 hodie

1261 2018 1407 2058 autem
1439 2015 1713 2058 condiciones
1738 2014 1858 2057 audit
1885 2013 1939 2055 ab
1958 2013 2066 2055 hora

1259 2088 1409 2144 prima.

1204 2233 1269 2276 10.
1316 2231 1573 2274 Occasiones
1620 2229 1792 2286 quaeris
1842 2243 1971 2286 agere
2021 2231 2065 2271 et

1205 2883 1271 2923 11.
1321 2880 1382 2922 It„

1259 2303 1399 2346 nescis
1451 2303 1566 2359 quod
1615 2302 1748 2345 feriae
1798 2316 1956 2357 pueros
2003 2300 2064 2342 in-

1260 2376 1410 2418 doctos
1442 2375 1619 2418 faciunt.
1666 2373 1855 2430 ostende,
1882 2373 2064 2427 uideam,

1261 2447 1476 2503 quomodo
1505 2446 1745 2503 scripsisti?
1791 2446 1900 2500 bene
1927 2444 2063 2487 ualde.

1261 2520 1418 2577 dignus
1457 2535 1502 2562 es
1541 2519 1757 2575 uapulare.
1814 2532 1930 2573 ecce,
1968 2531 2064 2559 con-

1261 2592 1364 2634 cedo
1391 2591 1485 2634 tibi.
1545 2590 1673 2633 hodie
1700 2593 1846 2632 autem
1877 2589 1987 2631 uade
2020 2591 2064 2630 et

1260 2664 1421 2720 prande
1455 2666 1498 2706 et
1529 2678 1554 2705 a
1585 2662 1765 2719 prandio
1798 2661 1926 2704 citius
1951 2660 2062 2704 ueni.

1261 2736 1397 2779 bonas
1429 2736 1569 2778 horas.
1633 2735 1742 2777 bene
1768 2733 1851 2776 tibi
1883 2733 1951 2776 sit.

1442 2895 1486 2922 m
1536 2878 1675 2921 dicam
1731 2876 1964 2920 commixta
2020 2878 2064 2918 et

1260 2951 1511 2994 necessaria.
1576 2953 1643 2993 est
1674 2952 1820 2992 autem
1857 2949 1964 2992 haec
2001 2962 2063 2991 sa-

1260 3023 1416 3066 lutatio
1492 3037 1758 3077 sermonum,
1825 3021 2062 3077 interroga-

1261 3096 1419 3152 tiones,
1457 3094 1685 3138 maledicta
1723 3096 1766 3136 et
1797 3093 1882 3135 alia
1913 3091 2060 3135 multa.

307 3171 371 3212 12.
408 3171 540 3222 Κύριε,
563 3173 695 3221 χαῖρε.
734 3170 908 3222 ςωΘείης
929 3169 1005 3222 ἀεί,
1034 3184 1163 3221 προς·
1205 3169 1270 3211 12,
1303 3167 1502 3223 Domine,
1528 3167 1657 3209 salue.
1691 3166 1838 3209 saluus
1869 3164 1929 3208 sis
1955 3177 2061 3206 sem·
